3086 5024
291 422 333 482 Du
357 423 485 483 Smrrxr
508 423 788 484 lurenaoesrronru
812 423 1010 493 onerariam.
1174 425 1233 486 153

199 588 343 654 Actumsl.
369 591 382 677 Η
403 593 557 673 Eloquere
586 593 716 670 obsecro,
751 593 828 674 quid
860 603 970 675 erqost.
997 591 1011 676 ΙΙ
1032 597 1099 656 lem
1120 592 1133 677 ΙΙ
1155 597 1236 670 Quid

614 699 715 770 ,iom‘‚
742 698 839 760 Gelo?

73 795 133 858 Sed
155 795 281 873 uerbis,
308 815 388 876 quae
410 796 601 876 praecedunt
628 810 660 861 et
682 817 762 878 quae
784 807 945 875 secuntur,
979 803 1151 864 accuratius
1181 821 1235 863 re-

71 900 183 977 spectis
206 908 337 979 apparet
360 901 529 962 Sostratam
553 902 673 982 singula
696 921 821 980 semper
842 903 935 964 Getae
958 903 1055 966 uerba
1078 904 1228 990 excipere:

71 1006 98 1060 S.
124 997 268 1064 Animum
282 1003 392 1082 recipe.
419 1008 456 1062 G.
477 1005 643 1066 Prorsus
666 1009 694 1066 S.
715 1005 797 1080 Quid
811 1006 887 1067 istuc
904 1009 1091 1085 ,prorsus‘
1115 1011 1234 1088 erqost?

71 1108 103 1163 G.
130 1103 294 1166 Periimus.
319 1113 351 1166 et
372 1105 404 1165 iu
427 1107 514 1168 exitu
530 1108 625 1168 nostri
642 1125 769 1170 uersus:
798 1108 835 1168 G.
860 1111 938 1169 lum
962 1109 995 1169 S.
1023 1109 1103 1184 Quid
1120 1111 1231 1188 ,iom‘,

73 1207 168 1266 Gelo?
192 1205 308 1268 deinde
331 1227 362 1268 u.
390 1209 451 1270 326
476 1209 518 1270 G:
538 1206 757 1272 Aeschinus
773 1211 804 1272 S.
826 1210 908 1286 Quid
930 1212 962 1273 is
981 1214 1073 1293 erpo?
1095 1214 1235 1276 Fortasse

70 1309 161 1387 igitur
184 1309 269 1372 idem
292 1310 362 1371 olim
386 1311 444 1372 hoc
466 1310 530 1373 loeo
552 1312 624 1374 luit:

201 1409 381 1474 Actumst.
404 1415 437 1475 S.
455 1414 619 1495 Eloquere,
638 1416 769 1494 obsecro,
788 1414 866 1497 quid
883 1419 1085 1491 ‚actumst‘.
1111 1417 1149 1477 G.
1169 1418 1234 1478 lem

657 1520 690 1580 S.
717 1519 797 1593 Quid
820 1519 933 1595 ,iom‘,
961 1519 1059 1579 Geta?

69 1615 217 1680 Attamen
247 1619 305 1681 alia
333 1619 436 1683 adhuc
465 1619 690 1684 emendationis
719 1622 769 1683 uia
799 1629 899 1701 patet,
936 1639 998 1702 qua
1027 1619 1068 1682 ad
1098 1620 1235 1682 codicum

69 1722 256 1801 scripturam
290 1725 431 1803 proxime
467 1721 661 1786 accedamus.
711 1724 787 1786 Geta
818 1725 900 1784 enim
938 1741 1063 1802 semper
1098 1723 1236 1802 singulas

69 1842 162 1886 uoces
184 1827 333 1904 exprimit
354 1836 386 1890 et
407 1835 478 1889 ante
508 1827 593 1888 hune
619 1827 720 1888 locum
748 1847 779 1888 u.
807 1829 867 1890 333
892 1827 922 1888 ei
941 1827 1033 1888 milri!
1061 1826 1150 1907 (quae
1172 1824 1236 1887 duo

68 1927 221 1990 uocabula
251 1929 332 1990 inter
358 1949 392 1992 se
422 1937 483 1992 tam
511 1937 577 1990 arte
605 1930 785 2008 cohaerent,
820 1939 855 1992 ut
882 1930 946 1993 lere
974 1931 1097 1992 unicam
1127 1947 1234 1990 uocem

68 2028 277 2110 adaequent),
311 2052 343 2094 u;
377 2034 438 2096 333
466 2049 613 2114 prorsus,
647 2040 678 2094 et
706 2040 812 2114 postea
839 2051 871 2094 u.
904 2033 965 2095 325
995 2034 1074 2110 iem,
1107 2051 1139 2093 u.
1171 2034 1233 2095 326

68 2130 249 2210 Aescdium3
276 2135 334 2196 hoe
355 2145 477 2198 tantum
499 2134 565 2196 loeo
588 2134 753 2198 exclamat:
785 2137 942 2216 periimus,
968 2132 1113 2213 Actumst‚
1140 2154 1235 2215 quara

69 2243 199 2298 actuumt
221 2256 284 2298 nou
307 2256 430 2318 semper
452 2240 510 2301 hoc
532 2238 598 2300 loco
620 2239 768 2317 seriptum
798 2237 895 2300 luisse
925 2238 999 2299 mihi
1030 2237 1157 2301 uidetur
1178 2237 1235 2300 sed

69 2358 85 2399 a
108 2337 234 2400 librario
257 2342 509 2419 praetermissum
533 2349 564 2403 et
585 2342 617 2402 in
637 2343 775 2421 margine
797 2339 950 2420 additum,
975 2350 1080 2421 postea
1105 2340 1146 2402 ab
1161 2342 1231 2420 alio,

69 2443 121 2520 qni
151 2443 276 2522 signum
305 2445 478 2525 appositum
508 2463 572 2506 non
599 2443 788 2522 obseruare,
828 2463 926 2523 praue
956 2444 989 2504 in
1018 2444 1102 2506 hunc
1135 2445 1235 2506 locum

69 2547 305 2626 transscriptum
334 2564 420 2625 esse;
451 2549 583 2628 genuina
613 2548 706 2627 igitur
735 2548 829 2610 huius
858 2548 915 2608 loci
945 2547 1041 2609 lorma
1070 2548 1174 2608 nescio
1196 2565 1235 2607 an

69 2647 142 2710 haec
163 2649 230 2712 lere
253 2650 361 2712 fuerit:
479 2633 481 2638 ¹

199 2756 277 2814 Ero.
311 2753 344 2814 S.
370 2753 451 2830 Quid
471 2757 539 2815 est?
567 2754 642 2833 quid
672 2752 831 2834 trepidus?
859 2752 895 2812 G.
922 2751 965 2812 Ei
986 2753 1051 2812 mi!
1077 2750 1130 2813 Ca.
1157 2752 1237 2826 Ouid

631 2855 769 2934 festinos,
796 2855 839 2916 mi
860 2856 956 2916 Geta?

202 2955 344 3020 Ammnm
358 2961 467 3041 recipe.
493 2959 529 3020 G.
548 2960 708 3020 Prorsus
724 2958 756 3018 S.
774 2957 854 3032 Quid
865 2959 941 3019 istuc
955 2959 1102 3038 ,prorsus‘
1117 2960 1236 3039 erpost?

638 3061 675 3122 G.
701 3061 796 3122 Peri
803 3060 911 3122 imus.

200 3165 235 3225 S.
260 3163 414 3242 Eloquere
435 3183 517 3246 erpo,
544 3173 571 3227 te
593 3163 731 3243 obsecro,
757 3161 833 3243 quid
855 3169 996 3224 actumst.
1036 3163 1072 3224 G.
1100 3165 1177 3226 lom
1199 3165 1230 3226 S.

642 3265 721 3341 Quid
744 3266 842 3343 ,ium‘,
871 3260 997 3344 Getui¹l

205 3369 243 3430 G.
270 3368 482 3432 Aeschinus
504 3370 536 3430 S.
557 3368 684 3443 (luidis
700 3370 791 3449 erqo?
820 3368 858 3428 G.
883 3364 1007 3430 Alienus
1021 3376 1064 3431 est
1080 3368 1119 3429 ab
1133 3377 1237 3430 uestro

413 3473 416 3477 ’
647 3468 780 3550 familie.
814 3470 846 3530 S.
873 3472 958 3532 Hem.

116 3575 144 3656 l)
171 3577 217 3637 Pl.
237 3582 325 3636 Poen.
351 3581 384 3649 V,
413 3586 442 3648 2,
472 3583 525 3636 tsi
559 3572 661 3654 (toas)
691 3577 748 3635 Sed
768 3593 866 3633 earum
889 3579 989 3634 nutrio
1011 3594 1068 3648 qua
1090 3579 1126 3633 sit
1146 3580 1232 3651 faeie,

654 3682 692 3736 mi
715 3681 830 3750 expedi.

71 3782 225 3853 Quamuis
247 3781 366 3842 Nonius
389 3781 441 3859 52,
468 3782 519 3860 30,
539 3781 593 3860 qui
614 3780 699 3840 hunc
719 3797 857 3856 uersum,
883 3787 914 3837 et
936 3777 1054 3838 Gellius
1077 3777 1154 3855 Xlll,
1180 3779 1232 3856 29,

74 3885 101 3959 6,
127 3887 183 3964 qui
198 3893 324 3964 praeter
345 3884 430 3946 hune
452 3892 514 3944 tres
529 3891 696 3962 sequentes
718 3899 830 3943 uersus
845 3899 1046 3960 personarum
1063 3890 1133 3940 nota
1150 3880 1235 3941 nulla

140 4043 163 4101 t)
186 4039 306 4101 Longius
324 4053 339 4087 a
357 4038 434 4087 libris
451 4037 560 4087 recedat
572 4037 648 4087 uelut
660 4036 728 4085 haec
741 4036 834 4086 lectio:
857 4029 991 4098 'Eloquere
1009 4037 1112 4087 obsecro
1129 4040 1160 4094 te,
1176 4037 1238 4096 quid

69 4127 251 4182 periimus.
273 4126 302 4174 G.
325 4125 388 4173 lum.
408 4129 468 4182 ete,
489 4137 559 4185 quae
579 4126 666 4172 tamen
692 4126 801 4185 propter
820 4120 983 4184 inelegantes
1003 4135 1130 4171 numeros
1149 4121 1238 4170 minus

69 4209 161 4270 placet.
