3176 5028
336 461 378 524 34
676 547 677 552 γ
780 464 928 526 Aravsrvs
951 465 1055 528 Liras.

423 634 503 695 llud.
524 637 585 694 lle
602 655 662 697 non
685 653 776 715 posse
797 637 989 716 comprobari
1005 638 1084 698 hano
1099 637 1254 715 Spengelii
1273 637 1502 699 coniecturam:

467 733 515 799 'Vl
538 740 625 799 eliam
648 759 729 800 nuuc
752 743 863 800 misere
887 742 983 816 timeo,
1009 739 1061 800 ubi
1082 741 1175 800 dotalis
1197 742 1331 800 intulit·
1352 744 1471 817 mure,

338 840 394 904 sed
418 841 610 901 retinendum
628 860 697 902 esse
719 842 803 922 quod
825 843 977 921 praebent
998 842 1084 902 libri:
1115 875 1153 886 --
1171 842 1266 902 eurulis
1281 844 1398 902 intueor
1415 861 1510 902 mure

340 956 420 1006 recte
443 946 536 1004 etiam
559 944 723 1005 Muellerus
744 945 875 1024 (Nachtr.
896 964 926 1023 p.
946 943 997 1024 28)
1024 945 1192 1022 perspexit.
1230 944 1262 1004 Si
1285 946 1402 1005 intueor
1425 964 1510 1005 mu-

237 1122 239 1126 ·
339 1058 422 1108 tatur
443 1048 474 1107 in
497 1049 613 1119 intuor,
641 1049 813 1108 necessaria
835 1057 884 1109 est
906 1047 998 1108 simul
1023 1048 1150 1108 mutatio
1172 1047 1280 1106 altera:
1316 1047 1371 1107 udi
1400 1049 1511 1107 intudr

339 1152 429 1212 urielis
452 1152 547 1209 πιανέ.
575 1183 613 1194 -

426 1255 514 1313 True.
542 1254 553 1312 l
579 1253 606 1329 l,
634 1254 715 1312 3ex
738 1253 903 1315 Camerarii
925 1254 1099 1313 coniectura
1124 1253 1195 1312 oliui
1218 1251 1427 1314 scribebatur:

468 1357 569 1434 Neque
592 1357 657 1415 eclrn
680 1357 826 1416 rationem
849 1359 936 1435 adpre
959 1374 1100 1436 umquam
1123 1355 1254 1415 e'doce't
1280 1353 1411 1415 Ventis.

340 1477 394 1538 pro
418 1457 564 1518 librorum
589 1459 734 1518 memoria
758 1457 856 1518 educit
873 1456 1055 1537 Spengelius
1078 1456 1175 1519 edidit
1197 1458 1310 1534 ediscit,
1337 1457 1510 1516 Muellerus

345 1561 399 1638 (Pl.
416 1560 462 1622 Pr.
483 1580 514 1639 p.
535 1560 607 1640 237)
628 1561 748 1621 mauult
769 1560 926 1622 sabdruet:
951 1559 1007 1620 sed
1029 1569 1129 1637 potest
1151 1559 1280 1620 fortasse
1303 1559 1382 1620 illud
1405 1560 1513 1619 educit

340 1666 383 1723 ila
403 1663 542 1739 seruari,
581 1673 614 1723 ut
642 1662 772 1724 eandem
804 1662 1053 1742 significationem
1083 1663 1213 1739 lrabeat,
1247 1681 1340 1741 quarn
1364 1663 1509 1723 Muelleri

339 1765 491 1826 subducet.
521 1799 557 1810 -

384 2039 544 2098 Librorum
567 2038 685 2098 lacunis
708 2039 787 2097 male
803 2039 987 2118 supplendis
1003 2039 1134 2101 uitiosus
1156 2040 1207 2100 ille
1229 2041 1330 2100 exitus
1354 2040 1403 2100 his
1424 2060 1508 2100 uer-

341 2141 428 2201 sibus
451 2137 575 2202 additus
598 2152 659 2201 est:

426 2243 538 2323 Aniph.
564 2243 639 2320 prol.
668 2243 719 2320 46,
746 2261 858 2304 uersus
881 2243 1063 2321 lanunnsm,
1096 2243 1157 2304 Sed
1179 2262 1240 2304 mos
1268 2263 1436 2324 utrmqueru
1465 2245 1511 2304 illi

339 2348 399 2427 suit
419 2349 505 2426 pratri
526 2366 588 2406 areo
611 2365 627 2406 a
651 2345 847 2406 Fleckeiseno
870 2346 913 2407 sic
936 2346 1039 2409 editus
1062 2356 1121 2406 est:

471 2449 532 2509 Sed
553 2448 602 2508 ille
624 2467 789 2528 nitarquarn
812 2450 874 2509 uuis
897 2447 956 2526 suit
976 2449 1087 2528 put-ri
1109 2448 1197 2508 med.

342 2554 477 2631 itemque
501 2555 654 2611 Lernanus
683 2551 774 2629 (Mise.
801 2551 876 2628 phil.
894 2561 926 2611 et
947 2547 1038 2629 paed.
1060 2551 1079 2610 l.
1100 2551 1123 2608 ll
1147 2549 1244 2611 Amst.
1273 2549 1353 2607 ⁴850
1371 2567 1404 2628 p.
1427 2549 1505 2630 l8l)

342 2655 465 2732 scripsit

472 2755 533 2816 Sed
554 2758 617 2815 ntes
640 2756 700 2815 illie
723 2759 888 2835 numquam
909 2756 970 2837 full
990 2756 1102 2835 putri
1124 2755 1210 2814 med.

342 2860 457 2918 Versus
479 2859 660 2935 grauissime
691 2868 857 2936 corruptus
887 2878 948 2919 non
979 2855 1132 2919 medendo
1161 2853 1216 2916 sed
1245 2856 1378 2917 secando
1402 2875 1511 2917 uren·
1586 2919 1587 2932 ¹

344 2960 445 3039 doque
468 2961 569 3020 sanari
599 2970 714 3040 potest:
744 2973 824 3021 certe
856 2962 949 3021 linem
979 2978 1091 3023 uersus
1121 2978 1182 3018 nen
1214 2967 1296 3018 reete
1324 2979 1358 3020 se
1386 2959 1510 3020 habere
1586 3011 1587 3016 ,

306 3084 309 3090 ·
342 3062 520 3123 dueentuu.
540 3063 593 3122 al.
613 3064 664 3122 ll.
690 3064 761 3125 lla.
782 3064 854 3125 tao.
875 3064 946 3125 ⁴35.
969 3064 1039 3122 139.
1062 3063 1170 3121 illel
1193 3081 1246 3122 uu.
1270 3062 1339 3122 lat.
1362 3061 1506 3140 l33sq.;

342 3184 380 3222 ex
404 3165 509 3224 multis
531 3184 611 3243 quae
634 3177 715 3226 stare
736 3177 868 3244 possunt
889 3164 1157 3226 emendationibus
1181 3164 1257 3224 haec
1280 3163 1343 3223 lere
1366 3161 1510 3223 niaxirne

342 3267 496 3327 Plautinos
519 3285 664 3328 numeros
687 3268 801 3329 relerre
825 3268 898 3328 mihi
921 3266 1060 3328 uidetur:

471 3370 531 3430 Sed
553 3371 615 3431 illle
636 3390 698 3432 mos
720 3365 856 3456 (morus)
879 3373 941 3430 med
961 3372 1048 3450 patri
1067 3369 1228 3448 numqudm
1251 3364 1320 3445 fuit,

477 3473 508 3532 Vt
530 3472 730 3554 exprobraret
754 3473 835 3553 qued
856 3473 939 3534 bonis
962 3469 1078 3550 fuceret
1100 3471 1168 3531 beni
1179 3469 1212 3550 ¹).
1585 3543 1586 3550 ἵ

342 3572 381 3633 de
404 3592 465 3634 neos
488 3593 590 3635 morus
612 3575 652 3634 el.
677 3577 756 3636 lien.
775 3576 846 3634 574:
880 3578 911 3637 Vt
927 3575 979 3635 luic
1003 3571 1117 3635 utimur
1139 3573 1286 3632 muoereme'
1308 3589 1388 3629 more
1404 3572 1506 3629 ardre.
1585 3561 1586 3624 ξ

342 3676 423 3736 Trin.
444 3678 521 3736 669:
542 3669 647 3757 'Atque
664 3680 690 3738 is
704 3696 802 3739 meres
817 3677 967 3737 deminum
982 3694 1080 3737 mores
1096 3678 1124 3736 e't
1138 3691 1270 3751 merosus
1285 3672 1384 3752 e'sfieil.
1411 3673 1510 3744 Quod
1585 3687 1586 3760 ξ

344 3798 415 3838 uere
439 3780 652 3840 Fleckeisenus
675 3782 705 3839 in
728 3781 859 3858 epistula
890 3780 992 3840 critica
1022 3796 1147 3839 uersum
1176 3777 1216 3836 ita
1241 3774 1360 3835 mauult
1381 3777 1510 3836 consti-
1585 3765 1586 3809 l

412 4005 435 4063 l)
457 4002 496 4050 nd
515 4002 721 4052 similitudinem
739 4003 836 4052 horum
856 4015 984 4052 uersuum
1002 3999 1175 4050 scribendum
1193 4011 1253 4050 esse
1271 3997 1376 4048 conicio

498 4089 575 4136 Poen.
599 4089 631 4136 lll
651 4093 675 4148 3,
698 4093 743 4138 ts:
764 4090 843 4138 illie
860 4089 895 4138 est
912 4089 1065 4138 thensaurus
1082 4087 1165 4134 stellis
1182 4087 1208 4134 ln
1227 4085 1317 4146 linqua
1335 4085 1407 4142 situs,

769 4173 797 4222 Vt
814 4176 931 4234 quaestui
948 4173 1055 4222 labeant
1072 4172 1141 4219 mule
1158 4171 1227 4231 loqui
1244 4169 1409 4226 melioribus,

498 4259 522 4305 in
543 4257 617 4305 libris
636 4261 677 4306 est
694 4259 757 4316 istie,
778 4258 926 4320 Geppertus
945 4257 1029 4307 edidit
1046 4257 1100 4306 slic.
