3176 5028
339 381 379 442 58
481 381 485 386 ’
778 382 927 442 Avevsivs
953 387 1055 444 Lycas.

338 553 423 614 illum
447 552 571 613 duobus
594 553 737 614 uersibus
757 553 1019 616 intersedentibus
1043 556 1228 634 insequiluo:
1257 551 1320 616 'Eae
1344 556 1420 634 ebais¹
1440 554 1493 613 do-

338 655 426 714 minis
456 658 528 716 mels
562 657 673 736 poyeio
706 657 872 718 &calcabo
907 655 1058 736 fursaares
1106 660 1212 736 ltaque
1247 655 1333 737 apud
1362 656 1491 718 Gellium

337 775 461 836 quoque
483 759 551 818 sino
572 756 669 820 dubio
690 758 828 840 surfioros
851 759 1079 821 emendandum
1103 770 1159 821 esl.
1189 793 1228 804 -

424 859 534 922 Pseud.
563 862 639 919 699:
923 862 1045 925 Charin.
1074 895 1111 906 -
1137 862 1189 922 Set
1211 863 1277 924 istie
1302 859 1467 924 Pseudolus

467 965 564 1023 Nouos
586 963 696 1026 mllo'ot.
724 963 788 1024 Cal.
815 963 974 1026 Nabaidmsl
995 965 1132 1026 mortalis
1154 966 1334 1044 yrdplicus:
1361 961 1495 1024 ledre-

755 1069 807 1127 lo's
829 1068 879 1128 mi
886 1067 925 1128 li
932 1074 976 1128 sl.

467 1162 509 1228 'Is
532 1167 605 1228 nelli
626 1166 699 1229 loeo
721 1187 784 1232 sese
807 1168 984 1247 effecturum
1007 1168 1099 1246 dloeit,
1126 1186 1204 1249 quoe
1226 1167 1295 1228 dioei
1318 1167 1381 1229 tibi.

339 1271 372 1331 Si
395 1289 520 1332 uersum
538 1269 598 1330 700
616 1281 794 1350 corruptum
809 1291 878 1334 esse
894 1270 1054 1349 contendo,
1080 1272 1138 1332 hoc
1156 1279 1318 1351 propterea
1340 1269 1497 1332 uidebitur

338 1373 496 1453 aliquanto
518 1372 678 1452 audacius,
704 1373 788 1453 quod
810 1374 995 1436 uocabulum
1018 1391 1161 1452 graecum
1178 1375 1221 1434 in
1244 1373 1389 1434 omuibus
1412 1371 1497 1434 eodi-

339 1475 429 1537 cibus
452 1477 565 1556 optime
582 1485 799 1538 conserualum
822 1478 923 1556 ipsum
947 1495 1016 1538 sese
1035 1475 1204 1538 defendere
1226 1475 1361 1538 uidetur.
1399 1474 1497 1554 Atque

342 1597 417 1639 sane
439 1580 594 1658 possimus
610 1578 715 1640 Plauto
737 1578 879 1640 facillime
901 1578 1002 1658 laigiri
1024 1598 1097 1640 eum
1119 1597 1181 1640 uno
1203 1579 1269 1640 loeo
1291 1588 1322 1640 et
1343 1587 1407 1640 lam
1431 1579 1497 1638 sin-

340 1681 438 1759 gulari
454 1680 630 1742 condicione
646 1681 744 1760 legem
760 1682 843 1742 illam
860 1682 1005 1743 uiolatam
1028 1681 1088 1742 sibi
1110 1679 1288 1758 indulsisse,
1316 1717 1356 1727 -
1379 1682 1440 1742 nisi
1462 1680 1498 1742 ad

342 1783 541 1844 offensionem
562 1783 647 1845 illam
671 1785 827 1845 metiioam
852 1783 1010 1846 aoeederel
1031 1784 1137 1862 altera,
1163 1803 1244 1863 quae
1266 1803 1306 1844 ex
1332 1785 1400 1862 ipsa
1423 1801 1498 1844 sen-

340 1887 434 1948 tentia
457 1887 667 1966 proficiscitur.
708 1885 790 1959 Quid
818 1888 898 1947 enim
929 1887 1000 1948 uult
1025 1886 1084 1948 sibi
1113 1885 1192 1947 illud
1219 1877 1352 1968 εὑρετὴς
1379 1884 1498 1948 millio?

341 1980 476 2070 εὑρετής
505 2007 575 2048 cum
606 1989 663 2049 loci
693 1991 786 2050 nostri
814 1990 965 2050 sententia
994 1998 1060 2049 lum
1087 1989 1189 2060 solum
1211 1987 1365 2067 qoiadsare
1386 1996 1495 2066 potest,

340 2092 394 2153 ubi
418 2101 466 2154 est
492 2101 548 2152 auo
575 2109 687 2152 nomen
718 2093 877 2172 proprium
913 2092 1009 2172 (uelut
1031 2093 1110 2152 lleu.
1139 2091 1200 2151 902
1223 2091 1441 2151 Menaechmus
1463 2088 1501 2150 de'

340 2194 474 2273 parasito
496 2211 552 2254 suo
575 2192 651 2254 dioit
670 2195 756 2254 Meos
773 2195 885 2268 Vliaees,
911 2214 964 2255 suo
980 2197 1033 2274 qui
1047 2196 1111 2274 reyi
1133 2200 1248 2254 mntem
1273 2194 1401 2252 conciuit
1416 2192 1495 2269 moli}

342 2306 396 2357 aul
417 2313 529 2356 nomen
553 2296 749 2374 magistratus
764 2296 926 2359 cuiusdam
951 2298 999 2357 uel
1023 2297 1162 2376 operarii,
1189 2294 1272 2374 quod
1295 2294 1443 2354 tralaticia
1464 2292 1499 2354 de

342 2398 444 2458 dolosa
469 2397 608 2459 Pseudoli
630 2398 661 2458 in
682 2398 740 2458 hao
755 2399 858 2461 fabula
875 2383 1026 2462 induslria
1043 2407 1220 2478 usumetur.
1252 2395 1411 2458 Eiusmodi
1429 2409 1499 2457 uero

342 2501 492 2562 sententia
523 2519 594 2562 cum
624 2490 756 2583 εὑρετής
784 2502 935 2564 uocabulo
964 2505 1018 2564 uix
1048 2502 1166 2577 subsit,
1193 2499 1373 2562 siuerbum
1398 2500 1498 2577 ipsum

345 2613 427 2665 reote
452 2601 596 2664 traditum
621 2613 677 2682 est,
704 2604 781 2665 illud
805 2606 914 2666 saltem
937 2605 1032 2666 debet
1053 2603 1137 2682 addi,
1164 2605 1252 2665 ouius
1275 2604 1318 2664 rei
1333 2600 1500 2664 Pseudolus

343 2705 482 2768 Calidoro
505 2708 649 2767 inuentor
671 2707 720 2767 sil.
755 2706 1008 2770 Emendationom
1033 2726 1113 2786 quae
1142 2707 1229 2766 omni·
1247 2715 1392 2785 exempla
1422 2713 1501 2766 esset

341 2809 531 2871 dubitatione
561 2827 632 2870 oum
662 2807 766 2870 adhue
789 2811 975 2890 inuestigare
999 2810 1242 2890 imposuerim,
1270 2808 1338 2870 nolo
1361 2825 1499 2869 eommo-

342 2930 460 2973 morare
490 2913 697 2989 coniecturas,
731 2931 811 2992 quae
841 2912 879 2973 de
909 2913 1060 2975 eiusmodi
1088 2931 1185 2974 uersu
1213 2910 1328 2972 multae
1359 2909 1448 2972 laoile
1471 2911 1500 2969 in

341 3025 474 3076 mentem
498 3023 663 3075 uenerunt.
693 3049 730 3060 -

427 3116 496 3177 Aul.
524 3118 548 3176 ll
572 3119 601 3194 l,
629 3118 668 3176 ld
693 3115 827 3195 denique

472 3220 566 3280 Cocus
588 3219 634 3280 illo
657 3219 840 3280 ouadldlist:
866 3220 897 3278 ia
919 3218 1030 3280 eosdm
1053 3219 1130 3280 diem

471 3323 550 3383 Solet
572 3324 617 3382 ire
639 3330 764 3383 coctum.
808 3320 870 3382 Telo
894 3323 985 3383 trium
1008 3323 1231 3382 lillerdrum
1255 3320 1359 3380 homo'

470 3428 515 3484 Me
537 3426 717 3504 uituperos?
762 3427 849 3484 Fur?
872 3426 962 3485 e'b'am
985 3423 1041 3502 fur
1064 3421 1235 3503 lrifdreiser

341 3529 416 3590 nibil
439 3526 568 3608 impedit
590 3527 756 3606 quominus
786 3527 937 3606 legamus:
975 3527 1054 3588 Solet
1081 3529 1127 3587 lro
1154 3533 1281 3587 coctum.
1324 3522 1389 3584 Tala
1412 3521 1499 3586 lrldm

341 3633 494 3692 liltrdrom
529 3631 622 3690 homo.
671 3631 703 3689 lu
738 3631 783 3690 eis
818 3631 899 3689 enim
933 3628 1095 3690 uocabulis
1135 3646 1214 3706 quae
1251 3628 1283 3687 iu
1320 3643 1354 3686 er
1388 3633 1501 3686 exeunt

341 3751 506 3813 syncopam
529 3731 654 3793 Plautus
677 3740 742 3793 tum
767 3741 896 3793 lautum¹
911 3731 1037 3794 uidelur
1058 3729 1237 3807 admisisse,
1271 3729 1326 3790 ubi
1356 3737 1500 3790 aooenlus

341 3846 389 3897 est
405 3836 523 3915 positus
543 3835 573 3893 in
594 3853 629 3894 ea
649 3834 779 3912 syllaba,
806 3853 886 3914 quae
903 3835 1044 3914 sequitur
1059 3832 1211 3911 syllabam
1230 3848 1365 3910 syncopa
1381 3816 1496 3890 elisam.

341 3939 531 4000 Documento
554 3947 628 3998 sunl
648 3936 695 4017 (cl.
715 3936 879 3998 Muellerus
903 3937 943 3996 Pl.
962 3938 1010 3996 Pr.
1028 3955 1061 4015 p.
1082 3933 1141 3995 476
1156 3953 1217 4013 sq.‚
1237 3934 1359 3996 Nachtr.
1378 3953 1413 4012 p.
1429 3931 1495 4012 69);

342 4044 428 4122 Gapl.
456 4043 489 4100 8:
518 4038 635 4102 Allrdm
658 4040 851 4121 quadrimum
871 4037 1001 4119 palorum
1024 4057 1128 4100 seruos
1151 4035 1281 4116 surpuit.
1319 4038 1409 4115 Capl.
1429 4036 1496 4095 306:

302 4167 307 4176 ·
344 4148 404 4223 Qui
419 4147 568 4224 imperare
583 4144 748 4219 insuebant,
767 4159 846 4202 atone
862 4143 970 4202 ollrlus
994 4142 1116 4221 imperio
1140 4140 1295 4219 dbsequor.
1320 4139 1413 4200 Persa
1431 4139 1496 4200 226:
