3126 5028
372 447 414 506 Da
439 468 633 512 narare-raris
657 469 772 510 naamis
795 451 964 510 varmm.
1187 451 1245 512 105

88 627 178 678 totam
194 635 272 696 rem,
299 629 334 680 ut
355 629 421 680 acta
438 630 495 698 est,
522 621 703 701 Thesprioni
726 623 887 682 narrauit?
909 622 971 682 lloc
986 621 1084 682 solnm
1100 622 1126 681 si
1143 623 1246 701 respi-
1301 687 1306 698 ,

87 722 210 798 ciamus,
239 723 267 781 ei
292 740 412 800 uersus,
439 742 517 801 qnos
541 723 678 785 secundo
711 724 774 784 loco
797 725 901 804 posui,
928 725 1063 804 suspecti
1086 722 1242 802 uidentur,

86 841 163 903 quae
185 825 323 904 suspicio
345 843 381 885 eo
409 827 622 906 confirmatur,
656 826 738 906 quod
769 827 899 906 singulis
926 827 977 886 nel
1007 826 1088 887 binis
1118 828 1247 888 senariis

86 925 225 987 iambicis
249 927 281 986 in
305 926 415 988 mediis
438 930 564 990 canticis
595 930 679 992 locus
694 931 749 990 uix
765 929 890 991 concedi
906 938 1016 1008 potest.
1057 932 1163 1009 ltaque
1185 948 1247 990 non

85 1028 200 1106 dubito,
228 1031 305 1108 quin
328 1030 360 1090 hi
381 1040 445 1092 tres
468 1049 591 1110 uersus,
617 1031 733 1111 quibus
749 1043 880 1114 quartus
896 1030 1013 1093 accedit
1029 1051 1075 1093 us.
1098 1033 1136 1092 le
1161 1031 1192 1112 (Ι,
1216 1033 1242 1109 l,

87 1130 133 1211 47)
153 1151 202 1192 ex.
223 1133 359 1192 Poenulo
378 1133 435 1212 llll,
463 1135 493 1211 5,
514 1135 542 1214 9)
571 1134 771 1215 desumptus,
798 1134 927 1196 eiciendi
949 1136 1028 1212 sint,
1055 1153 1125 1196 cum
1149 1152 1247 1213 prac-

86 1235 200 1312 sertim,
229 1236 257 1294 si
278 1253 327 1296 us.
356 1235 395 1295 l5
424 1236 455 1318 (Ι,
484 1237 512 1313 l,
541 1237 590 1317 le)
618 1257 688 1300 cum
712 1257 759 1299 vs.
787 1238 827 1297 50
857 1237 888 1319 (l,
910 1239 938 1315 l,
960 1240 1011 1314 48)
1037 1237 1242 1314 coniungitur,

85 1338 196 1415 optimc
220 1336 368 1416 procedat
390 1339 493 1400 oratio.

166 1441 312 1502 Proxima
334 1440 461 1502 offensio
484 1452 532 1503 est
554 1444 586 1502 in
602 1455 656 1503 us.
685 1445 746 1505 286
776 1443 819 1524 (ll,
847 1445 876 1521 2,
907 1442 992 1522 tte),
1026 1443 1134 1520 quiin
1157 1440 1247 1504 codi-

84 1543 170 1604 cibus
193 1544 240 1604 sic
262 1543 326 1604 lere
348 1553 448 1605 extat:

212 1638 285 1726 'Epo
315 1647 401 1707 illam
430 1648 606 1708 coaucaiom
634 1651 722 1728 dtqae
752 1648 904 1709 adducam
934 1648 991 1708 buc
1020 1647 1061 1708 dd
1083 1655 1126 1723 te,
1158 1647 1248 1727 quoia

500 1758 545 1810 cot
565 1749 703 1828 sidicino.

86 1853 175 1911 llecte
198 1850 365 1912 Muellerus
376 1849 395 1930 ¹)
421 1851 547 1932 exponit
568 1850 716 1912 credibile
739 1870 801 1912 non
823 1869 901 1929 esse,
928 1849 1090 1930 Epidicum
1114 1852 1248 1930 promit-

84 1963 144 2014 tere
166 1972 202 2014 se
225 1953 367 2014 lenonem
390 1952 431 2014 ad
453 1953 654 2034 Periphanem
677 1953 887 2017 adducturum
910 1972 994 2030 csse,
1028 1954 1247 2014 comminime

83 2075 120 2117 en
142 2057 245 2136 ipsius
268 2074 301 2116 re
317 2056 366 2135 sit,
394 2075 500 2118 senem
516 2056 658 2118 lenonem
674 2059 849 2118 conuenire.
890 2057 988 2117 Minus
1003 2054 1131 2117 feliciter
1146 2056 1247 2117 Muel-

85 2158 145 2218 lero
167 2177 219 2219 res
243 2159 338 2232 cessit¹
359 2159 390 2218 in
414 2158 606 2221 restituendo
628 2159 744 2238 Plauto,
770 2178 840 2221 cum
863 2160 907 2220 sic
929 2157 1022 2218 scribi
1045 2158 1179 2220 inheret:

211 2262 284 2341 'qu
316 2262 396 2322 illam
427 2263 544 2342 quoiast
571 2263 749 2323 edocendam
780 2270 870 2342 atquc
900 2259 1051 2322 odddcom
1078 2261 1136 2322 lice
1158 2260 1200 2321 ad
1221 2267 1247 2321 tc

498 2363 666 2444 fidicinam.

83 2485 137 2527 neo
159 2475 279 2528 rectum
303 2465 383 2528 uidit
405 2467 593 2546 Geppertus:

209 2561 284 2648 'qu
307 2567 388 2628 illam
414 2572 591 2630 coaucaiam
614 2571 704 2649 dtqac
728 2569 879 2630 adducam
903 2569 961 2630 ltac
977 2570 1019 2629 dd
1035 2577 1073 2647 tc,
1099 2571 1248 2650 pucilam

500 2682 554 2750 ert,
578 2671 747 2752 fidicinam.

84 2776 217 2852 Vterque
242 2774 324 2833 enim
347 2772 481 2852 neglexit
510 2776 667 2853 sequentis
696 2792 806 2835 uersus
836 2775 972 2836 initium:
1007 2772 1101 2853 Atque
1130 2789 1246 2852 arpeo-

84 2885 143 2938 tum
165 2895 219 2957 epo
245 2893 311 2935 carm
335 2874 387 2934 icc
408 2881 527 2950 sercm;
559 2895 633 2938 nam
655 2893 781 2938 necesse
803 2886 850 2936 est
873 2877 959 2955 prins
982 2882 1141 2954 argentum
1165 2872 1242 2950 dari,

83 2997 172 3056 quam
197 2977 323 3039 fidicina
346 2995 362 3036 a
386 2977 497 3038 lenone
520 2977 703 3055 abducatur,
729 2978 814 3040 unde
836 2980 985 3057 sequitur,
998 2974 1194 3058 praecedenti
1210 2977 1243 3036 in

83 3099 174 3142 uersu
198 3079 240 3142 de
262 3078 444 3142 adducenda
467 3079 508 3144 ad
530 3081 732 3160 Periphanem
756 3081 878 3142 fidicina
903 3099 1075 3141 sermonem
1099 3079 1166 3140 fieri
1181 3096 1244 3140 non

82 3184 228 3261 potuisse.
273 3184 396 3244 Rectius
419 3183 593 3261 scripseris:

209 3283 283 3364 'Epo
317 3285 492 3346 maceniam
527 3285 606 3347 hanc
638 3287 727 3365 dique
761 3285 912 3346 adducam
944 3286 985 3345 od
1013 3284 1098 3346 illam
1129 3286 1246 3364 quoiast

501 3385 641 3464 fidicina.

164 3491 331 3567 Postquam
354 3487 502 3568 Epidicus
524 3491 688 3569 pecuniam
720 3507 737 3548 a
768 3507 848 3549 sene·
864 3496 1020 3568 acceptam
1047 3485 1087 3547 ad
1109 3487 1244 3565 Stratip-

83 3592 199 3669 poclem
215 3589 337 3667 detulit,
364 3590 540 3652 canendum
555 3603 612 3669 est,
638 3611 687 3669 ne,
715 3609 784 3651 cum
800 3588 969 3668 Apoecides
985 3590 1127 3648 lenonem
1143 3589 1245 3648 inter-

83 3703 179 3772 roget,
212 3709 289 3752 nnm
313 3702 474 3770 argentum
500 3695 666 3774 acceperit,
698 3693 784 3753 frans
807 3690 924 3771 Epidici
954 3690 1129 3768 detegatur;
1161 3688 1244 3768 quod

84 3814 120 3856 ne
141 3795 205 3873 fiat,
233 3812 326 3872 quam
350 3796 434 3856 niam
456 3795 575 3874 ingredi
606 3795 695 3872 uelit,
730 3811 841 3855 seruus
863 3794 910 3854 his
933 3792 1038 3854 verbis
1065 3801 1239 3852 narratus.

84 3896 251 3958 ete-357
281 3895 337 3975 (ΙΙΙ,
365 3900 394 3960 2.
422 3898 579 3978 28—3tll:
1167 3961 1168 3966 γ

209 4001 376 4060 neccaram
399 4002 440 4060 cd
461 4000 592 4062 leocadia
616 4001 735 4060 domam
757 4007 868 4079 cpomct
889 3999 977 4074 setas,
1004 4016 1071 4060 cam
1094 3996 1211 4076 docebo,

150 4224 173 4286 ι)
195 4222 212 4270 l.
235 4221 253 4269 l.
275 4233 301 4285 p.
322 4224 399 4271 t—e.
