3126 5028
329 430 370 490 Du
394 431 522 492 Sruriru
545 431 830 492 lnrnaaoairiouvu
852 431 1049 503 Ouirorinrn.
1198 427 1267 505 ,135

216 606 322 660 Heaut.
337 609 399 661 uit
413 598 487 681 (illi,
508 609 537 675 8,
555 600 583 682 8)
606 607 698 676 Cedo,
726 608 796 677 quid
821 609 864 664 uis
878 607 993 679 sociem.
1012 599 1025 684 ))
1043 608 1175 662 imerali·
1189 606 1271 661 lodie

676 711 774 783 filiam.

217 812 334 868 Piiorm.
354 815 413 866 897
435 805 468 887 (t,
496 814 525 878 i,
553 805 601 887 19)
630 813 725 882 Cedo,
750 813 820 883 quid
843 818 949 882 portes,
977 812 1098 877 obsecro,
1120 821 1205 885 utque
1225 813 1266 879 iti,

674 917 702 970 ei
720 924 811 988 potes,
837 915 923 971 narbo
947 916 1057 988 enpedi.

215 1010 537 1090 Phorm.6t2(1111‚3‚
556 1015 604 1088 37)
631 1018 652 1071 Α
671 1020 767 1091 primo
791 1018 874 1074 ltomo
890 1018 1043 1074 insanibat.
1062 1009 1075 1094 Ι)
1092 1017 1180 1085 Cedo,
1198 1017 1267 1086 quid

674 1121 811 1190 postulat.

215 1222 322 1292 Hecyn
351 1223 408 1277 i58
437 1215 495 1298 (lii,
523 1225 552 1290 5,
574 1217 601 1298 8)
643 1222 765 1278 Aduenis
812 1215 947 1300 modain
963 1222 1128 1280 Admodum.
1148 1214 1161 1299 ))
1177 1222 1266 1292 Cedo,

676 1327 746 1398 quid
769 1327 885 1396 reliquit
907 1326 1027 1387 Phania.

99 1425 234 1482 Naeuius
263 1419 356 1501 (Ribh.
383 1428 465 1498 Trag.
489 1444 521 1496 xp.
550 1431 623 1496 278,
650 1423 679 1504 7)
707 1430 802 1498 Cede,
827 1431 878 1499 qui
899 1436 1026 1484 ooelrarn
1047 1427 1269 1500 rempublicam

676 1541 784 1588 tantam
806 1533 938 1587 amisistis
960 1540 1017 1586 tant
1039 1533 1105 1586 cito.

99 1632 252 1687 Pacuuius
279 1625 471 1708 (Ribb.Trag.
492 1649 522 1702 p.
543 1638 612 1702 lot,
635 1629 705 1709 226)
739 1637 834 1702 Cedo,
866 1651 1005 1705 quorsum
1034 1636 1118 1689 itiner
1147 1635 1270 1688 telinisse

676 1738 765 1794 aiunt.

97 1835 196 1893 Attius
227 1836 322 1908 (Ribb.
349 1839 432 1908 Trag.
460 1855 487 1908 p.
519 1842 587 1906 147,
618 1837 667 1910 92)
695 1840 789 1908 Cedo,
829 1840 898 1909 quio
935 1839 1007 1894 anilii
1044 1839 1203 1905 redhostis,
1243 1840 1269 1891 si

676 1943 744 1998 Orci
758 1951 790 1997 ut
803 1959 919 1998 messem
936 1942 1041 1998 obiitot
1054 1944 1188 2016 [atilios.
1203 1985 1209 1995 .
1223 1984 1228 1995 .
1243 1936 1262 2011 ¹)

313 2059 344 2136 ll)

95 2163 190 2218 Plauti
209 2165 299 2218 Poen.
319 2165 378 2232 1111,
406 2168 435 2230 2,
461 2166 497 2218 83
523 2158 605 2241 (858)
635 2165 723 2222 neon
748 2182 826 2219 erum
848 2173 880 2220 ot
897 2165 1029 2238 perdant,
1056 2167 1102 2219 nei
1122 2165 1267 2220 minime-

673 2275 762 2332 tunm,
788 2267 916 2339 Milphio.
936 2260 948 2345 ))
965 2267 1038 2335 Quid
1055 2269 1151 2335 idest,
1180 2269 1262 2323 cedo.

210 2369 271 2426 llll.
300 2373 356 2424 647
383 2362 449 2444 lili,
488 2371 517 2434 l,
556 2362 605 2444 83)
632 2367 706 2436 Quid
729 2369 835 2436 idest,
862 2371 1076 2442 quodernciot,
1103 2371 1186 2425 cedo.

211 2471 296 2525 Most.
325 2474 381 2525 878
411 2465 456 2546 (u,
492 2474 518 2538 2,
556 2466 604 2547 87.)
632 2471 707 2538 Quid
734 2473 806 2527 letne
834 2477 878 2527 est
904 2473 1033 2541 sceleris,
1066 2479 1115 2528 aut
1144 2474 1208 2542 quis
1236 2474 1267 2528 id

674 2575 751 2643 iecit,
776 2575 859 2630 oed0.
871 2569 893 2646 2)

212 2677 297 2732 Most.
325 2680 383 2732 878
414 2671 469 2752 (ΙΙΙ,
501 2680 528 2743 l,
557 2675 604 2746 85)
635 2677 710 2742 Quin
748 2685 777 2734 tu
814 2679 883 2732 istos
916 2679 1003 2734 mittis
1036 2669 1171 2754 trinor?{{
1190 2677 1265 2744 Quin

668 2780 743 2849 quill
766 2781 818 2848 uiS,
846 2781 929 2835 cedo.

94 2882 165 2936 Ter.
208 2881 284 2936 Euu.
314 2885 370 2935 lua
411 2881 443 2950 (1,
482 2885 512 2948 2,
550 2876 600 2957 82)
628 2881 686 2952 Epo
719 2883 750 2937 id
772 2874 905 2959 timeoln
921 2880 995 2949 Quid
1028 2890 1053 2936 te
1086 2899 1151 2953 erpo
1185 2884 1266 2938 alind

672 2985 813 3053 sollicitat,
838 2983 922 3039 cedo.

215 3085 288 3139 Eun.
321 3089 381 3140 950
410 3084 452 3156 (V,
488 3089 517 3153 l,
551 3078 600 3161 88)
628 3086 702 3154 Quid
725 3088 775 3153 ita,
802 3092 852 3141 aut
874 3086 943 3156 quid
964 3087 1109 3159 factumst,
1135 3088 1218 3143 cedo.

213 3186 303 3243 tnui.
323 3192 382 3243 705
404 3181 474 3264 (uu,
502 3192 531 3256 a,
552 3180 601 3263 aa)
629 3187 703 3255 Quia
726 3189 823 3257 tanes,
849 3189 932 3246 cedo.

213 3289 327 3344 Phorm.
345 3294 403 3346 otto
422 3283 480 3365 (111,
497 3295 526 3358 8,
546 3284 592 3367 17)
621 3290 856 3364 Contemplamini
869 3309 922 3347 nte.
942 3283 955 3369 ))
971 3291 1062 3359 Quam
1078 3291 1111 3346 ob
1127 3309 1196 3360 rem,
1215 3298 1264 3346 aul

669 3394 806 3463 quidnam
826 3391 975 3466 saetnro’s,
1000 3394 1083 3450 cedo.

93 3557 310 3570 ...μη-ι·-

174 3680 198 3740 i)
222 3677 306 3728 Huius
328 3690 424 3726 uersus
448 3679 535 3728 exitus
559 3679 604 3727 uix
623 3681 695 3730 recie
715 3679 852 3728 restitutus
871 3678 942 3742 apud
961 3677 1136 3728 Ribbeekium
1156 3677 1259 3739 legitur.

172 3781 198 3841 2)
223 3779 293 3829 Libri
312 3779 452 3844 praebent:
482 3786 519 3831 est
535 3784 650 3842 sceleste,
677 3781 845 3831 Dissaldeus:
875 3784 912 3829 eet
928 3780 1040 3840 scelesti,
1067 3779 1197 3842 Scaliger:
1227 3785 1263 3829 est

89 3869 200 3924 ecelin,
227 3864 340 3929 Spengel
366 3867 392 3914 in
418 3866 509 3916 Philol.
530 3867 608 3916 XXV.
635 3880 661 3930 p.
690 3870 737 3914 liu
763 3865 891 3915 coniecit:
919 3865 987 3926 Quid
1009 3866 1076 3915 istnc
1093 3870 1129 3915 eal
1148 3867 1261 3926 sceleris,

90 3958 146 4005 aul
165 3953 226 4014 unia
242 3949 358 4014 inserit,
378 3953 451 4011 cedo,
472 3965 553 4016 quam
572 3951 788 4002 emendationem
808 3951 836 4000 C.
857 3951 884 3999 F.
905 3951 934 4000 G.
955 3949 1066 4000 Mueller
1083 3968 1094 3994 n
1102 3949 1183 4014 plaut.
1200 3965 1263 4016 pro-

90 4037 182 4088 sod.«
200 4049 225 4100 p.
247 4039 296 4085 858
316 4035 419 4100 probat.
459 4037 632 4086 liretschmer
650 4037 675 4085 in
695 4036 883 4086 dissertatione
901 4034 1092 4093 »Quaestiones
1111 4035 1264 4085 Plautinae«

91 4119 207 4172 Vrnlisi.
230 4123 296 4169 ⁴863
315 4135 342 4185 p.
364 4125 394 4169 le
420 4134 530 4171 uersum
556 4124 589 4172 ila
608 4123 738 4171 restituit:
768 4121 836 4182 Quid
851 4123 918 4170 letne
935 4121 1070 4181 scelesllsl,
1098 4127 1144 4170 ool
1161 4124 1220 4184 quis
1237 4123 1264 4170 id

90 4208 166 4274 feeit,
189 4192 258 4266 cedo,
279 4219 411 4269 -quam
431 4206 646 4257 emendationem
665 4206 777 4271 Spengel
796 4219 903 4270 quoque
921 4206 938 4253 Ι.
961 4206 977 4260 Ι,
998 4206 1144 4270 proposuit.
