3126 5028
354 449 396 508 Dr
418 467 614 511 uurulorarrs
636 469 751 510 murus
774 450 939 510 Pramum.
1188 450 1228 512 97

80 615 167 676 buere
188 617 297 695 potuit,
324 618 350 677 si
373 637 445 678 eum
468 621 527 679 iam
551 629 639 680 autea
656 622 852 699 suppositum
868 637 937 680 esse
953 631 1084 697 puerum
1101 621 1229 680 suluisse

81 717 178 778 uoluit.

157 818 237 892 Quid
254 822 347 900 igitur
368 821 407 883 de
430 840 538 884 scaena
562 825 584 901 l,
613 824 624 882 4
654 822 872 903 eogitabimus,
900 825 930 884 in
954 842 1015 903 qua
1032 825 1225 903 Diniarohus,

78 940 149 1000 quas
164 941 212 984 res
229 925 308 984 seire
325 934 468 1004 nequeat,
495 944 547 987 eas
563 926 706 986 enarret?
735 926 779 986 Ne
794 928 903 1006 longus
926 929 994 1004 sim,
1022 928 1097 988 haee
1119 945 1228 988 soaeua

77 1043 105 1083 re
126 1044 196 1086 uera
219 1027 364 1106 prologus
387 1029 545 1088 Plautinus
568 1037 616 1089 est
637 1027 688 1089 uel
703 1029 825 1108 *prologi
857 1030 956 1091 locum
978 1038 1072 1090 tenet.
1115 1029 1230 1091 Eodem

78 1126 168 1204 modo,
194 1147 258 1208 quo
280 1129 443 1190 Palaestrio
464 1131 497 1190 in
520 1129 613 1191 Milite
635 1129 771 1191 Glorioso
799 1133 831 1190 iu
858 1149 966 1192 scaena
994 1133 1110 1211 prologi
1132 1133 1230 1193 instar

76 1231 233 1309 oomposita
258 1233 303 1292 sio
323 1233 460 1311 loquitur
486 1231 543 1313 (us.
573 1231 773 1309 447-449);

196 1336 240 1394 Ei·
263 1332 423 1416 (Sceledro)
451 1338 505 1397 ndo
525 1337 633 1416 [oretis
655 1335 785 1414 fabricis
808 1343 836 1396 et
858 1335 952 1396 doctis
974 1335 1050 1398 dolis

197 1435 401 1498 Glaueelmam
423 1439 458 1499 ob
481 1438 582 1499 oeulos
605 1437 765 1500 obiciemus
788 1436 913 1518 eumque
936 1440 977 1500 itu

195 1540 362 1612 Foriemus,
388 1547 432 1618 ut,
459 1540 539 1621 quod
559 1541 681 1614 uiderit,
707 1559 744 1601 ue
766 1539 879 1601 uiderit
900 1561 928 1601 e.
955 1559 985 1620 q.
1012 1559 1037 1601 s.

74 1649 256 1718 quamquam
280 1640 435 1703 adfinem
460 1641 586 1703 demum
615 1641 765 1723 perducto
792 1643 918 1722 prologo
944 1662 961 1702 a
984 1643 1229 1723 Peripleoomeuo

74 1744 214 1822 comperit
241 1743 424 1806 Sceledrum
454 1742 485 1805 id
514 1743 646 1822 uidisse,
684 1745 769 1825 quod
791 1754 909 1807 utnon
932 1745 1050 1806 uidisse
1072 1763 1105 1805 se
1127 1755 1225 1826 putet,

74 1844 248 1907 effecturum
265 1865 300 1908 se
315 1865 384 1908 esse
401 1848 461 1908 iam
485 1847 627 1926 promisit
647 1881 689 1906 .-
713 1846 821 1908 eodem
846 1847 945 1926 modo7
973 1849 1110 1926 inquam,
1138 1849 1227 1909 llini-

72 1949 177 2010 aruhus
200 1949 252 2009 hic
274 1948 314 2010 de
337 1949 480 2011 simulato
494 1958 588 2031 partu
604 1949 757 2011 disserere
774 1959 885 2028 potest,
911 1969 1015 2029 quem,
1042 1951 1229 2030 simulatque

73 2069 155 2111 suam
177 2071 344 2132 personam
367 2051 478 2131 induit,
505 2053 611 2114 fiotum
635 2072 703 2114 esse
725 2054 852 2132 ignorat.

150 2153 270 2227 Quodsi
305 2164 424 2216 eoustat
456 2154 534 2217 duos
571 2155 664 2217 huius
697 2155 819 2216 fabulae
856 2157 996 2234 prologos
1024 2154 1065 2216 ad
1092 2164 1228 2216 nostram

71 2258 249 2333 peruenisse
265 2267 406 2336 aetatem,
425 2259 560 2339 primum
577 2256 789 2338 quaerendum
802 2267 859 2335 est,
880 2277 955 2320 num
971 2259 1002 2318 iu
1018 2277 1080 2319 una
1098 2257 1230 2320 eadem-

70 2377 126 2436 que
148 2361 269 2421 actione
292 2360 369 2421 alter
389 2371 462 2439 post
482 2360 613 2422 alterurn
636 2362 661 2421 si
685 2380 746 2421 nou
770 2362 867 2422 Plauti
890 2369 1005 2438 aetate,
1035 2372 1138 2422 tamen
1159 2373 1231 2441 post

70 2460 205 2540 Plautum
230 2462 353 2524 recitari
374 2464 518 2543 potuerit,
560 2464 622 2523 lloo
642 2462 758 2524 lautum
773 2481 841 2523 esse
857 2463 927 2525 ideo
949 2481 1035 2542 nego,
1062 2466 1133 2543 quia
1156 2481 1229 2543 pars

69 2564 189 2627 alterius
213 2568 247 2626 iu
271 2563 368 2626 altero
391 2567 551 2646 repetitur.
594 2566 684 2626 Velut
706 2564 784 2644 prol.
810 2584 858 2626 us.
888 2566 926 2625 l8

194 2670 240 2728 Ea
264 2671 298 2729 se'
317 2670 469 2748 peperisse
488 2667 620 2748 puerum
642 2668 766 2728 simulat
787 2669 879 2728 militi

70 2769 222 2832 absurdus
245 2770 368 2849 luisset,
394 2772 420 2830 si
443 2771 535 2850 paulo
557 2780 627 2851 post
649 2771 746 2831 secuti
767 2778 871 2830 essent
892 2789 940 2832 us.
959 2770 982 2847 l,
1010 2771 1038 2848 4,
1067 2771 1106 2828 68
1122 2777 1153 2829 et
1169 2771 1223 2830 69:

193 2875 349 2954 Peperisse
371 2872 493 2934 emolat
515 2875 588 2949 sese,
614 2880 649 2932 ut
670 2891 716 2934 me
738 2873 887 2933 emiruddt
907 2873 1003 2952 foros,

191 2975 292 3057 Atque
314 2973 347 3036 rit
369 2994 437 3038 eum
458 2975 517 3037 solo
538 2977 754 3056 perpraecetur
775 2975 882 3052 milite,
913 2973 963 3048 (ol.
997 2975 1087 3036 etiam
1116 2991 1227 3035 uersus

982 3076 1163 3161 proruimus)⁰¹

68 3181 178 3244 Eadem
201 3180 344 3243 condicio
367 3178 529 3242 intercedit
551 3182 631 3242 iuter
652 3179 731 3260 prol.
758 3197 806 3239 us.
835 3179 873 3240 42

191 3287 251 3346 Hic
275 3283 392 3346 tubitet
412 3283 531 3360 mulier,
557 3285 663 3344 odmen
685 3283 784 3364 pooiet
805 3281 1012 3357 Phronesium,

68 3396 96 3447 et
115 3391 136 3466 l,
166 3389 194 3467 l,
223 3387 267 3447 58

189 3493 275 3552 Nam
290 3487 365 3550 mili
378 3487 451 3551 loeo
466 3488 624 3562 rueretrioe,
641 3507 718 3568 quoe
734 3487 782 3548 lu'o
797 3485 893 3560 lubet,
911 3483 1104 3545 Phronesium
1115 3501 1142 3542 e.
1154 3500 1185 3560 q.
1198 3498 1224 3541 S.

68 3593 123 3654 lam
147 3594 174 3656 si
197 3590 437 3655 diiudicandum
460 3599 517 3668 est,
545 3599 648 3651 utrum
672 3609 711 3650 ex
732 3590 780 3649 his
803 3589 935 3666 prologis
957 3586 1131 3646 Plautinum
1160 3601 1228 3645 esse

67 3708 219 3774 putemus,
248 3697 354 3776 ipsum
369 3694 466 3755 Plauti
482 3712 604 3770 nornen,
630 3691 714 3772 quod
736 3693 767 3751 in
790 3693 891 3771 priore
908 3697 992 3749 extat
1012 3687 1098 3766 (prol.
1110 3705 1160 3747 us.
1180 3684 1223 3767 l),

67 3799 144 3860 hune
160 3801 286 3861 minore
299 3798 366 3858 iure
382 3798 442 3876 ipsi
461 3805 569 3876 poetae
584 3795 737 3856 tributum
752 3813 821 3854 esse
837 3791 1002 3867 uunuinuit‚
1022 3808 1091 3850 oum
1108 3797 1227 3866 partem

68 3913 143 3963 uerte
164 3903 207 3963 ab
232 3900 294 3962 alio
317 3900 419 3961 fictam
441 3917 510 3960 esse
533 3916 661 3960 neeesse
684 3899 724 3957 sit
735 3897 769 3977 ¹).
802 3897 887 3967 Quae
901 3911 974 3973 pars
997 3894 1142 3971 quonium
1158 3911 1227 3953 oum

68 4009 171 4068 ueteris
194 4005 295 4065 huius
317 4003 433 4082 prologi
456 4001 601 4063 uersibus
624 4001 777 4060 artissime
792 3997 953 4059 coniuncta
977 3998 1026 4072 sit,
1053 3995 1137 4055 huno
1151 4012 1229 4072 pro-

131 4231 154 4292 4]
175 4227 215 4279 ct.
239 4224 326 4288 locos
347 4238 415 4290 quos
434 4225 543 4276 laudaui
561 4237 587 4287 p.
609 4225 650 4272 9⁰.
671 4225 726 4272 not.
749 4225 771 4269 4.

113 4328 265 4379 Β4ιιάεωιιιιᾱ,
281 4322 372 4366 Studien
388 4325 406 4364 1.
1061 4321 1073 4370 7
