3116 5020
333 397 394 459 236
756 399 912 460 Envrnnvs
935 401 1061 460 Bscsus.

334 575 398 631 Ter.
426 575 541 632 Phorm.
570 579 628 632 tii
657 569 702 652 (ΙΙ,
733 580 760 644 Ι,
791 569 839 652 ΙΙ)
867 575 1055 644 ortaeasa,
1082 575 1250 632 incredibile
1266 582 1476 647 quantumerum

900 683 966 734 ante
989 694 1024 734 e0
1047 681 1194 752 sapientia.

333 774 556 854 scandendos
582 774 666 836 adh.
683 776 725 851 i.;
750 774 821 837 libri
843 776 995 857 praebent
1017 776 1238 853 seductorias
1265 778 1399 838 Donatus
1420 777 1478 837 hacc

334 875 476 939 adnotat:
510 886 593 940 »cate
624 877 667 959 eo]
694 880 817 958 Legitur
839 888 870 940 et
892 886 960 940 ante
984 897 1016 940 eo
1045 877 1123 961 (cate
1137 881 1227 941 eam‘?
1259 877 1475 960 Vmpienbaob)‚

332 979 388 1042 sed
410 980 680 1060 pronuntietiuum
704 989 806 1043 actem
829 997 886 1059 pro
909 989 1074 1044 antaeum«

373 1063 375 1070 .
893 1081 926 1160 b)

398 1184 602 1248 indicatiuum
625 1187 727 1264 ineis,
755 1204 833 1267 quas
850 1205 943 1266 supra
960 1187 1182 1267 congessimus
1208 1185 1479 1266 interrogationibus

334 1308 370 1350 eo
393 1288 471 1350 eitioi
496 1298 634 1370 apparet,
661 1287 746 1368 quod
767 1289 866 1350 nescio
882 1288 1014 1350 uerbum
1038 1290 1171 1369 genuina
1196 1289 1318 1350 notione
1341 1287 1480 1350 debilitata

334 1411 404 1453 cum
428 1393 608 1471 pronomine
631 1391 849 1472 interrogatiuo
872 1399 935 1452 tam
958 1400 1024 1454 arte
1047 1391 1190 1454 cohaeret
1211 1401 1243 1453 et
1265 1391 1296 1450 in
1319 1410 1415 1452 unum
1431 1390 1480 1451 iere

333 1494 521 1555 uocabulum
539 1496 579 1556 ita
596 1496 776 1573 concrescit,
796 1503 831 1556 ut
846 1496 997 1556 enuntiati
1016 1493 1192 1556 secundarii
1214 1502 1401 1556 structuram
1421 1495 1481 1555 aiii-

333 1615 402 1658 cere
431 1608 573 1677 nequeat.
622 1595 712 1670 Quod
740 1599 765 1658 si
805 1606 886 1659 reete
915 1598 1107 1677 monuimus,
1144 1597 1199 1660 ubi
1231 1598 1329 1659 nescio
1367 1595 1481 1659 uerbum

334 1700 500 1779 genuinam
523 1711 616 1780 atque
638 1701 787 1781 integram
810 1700 899 1762 uerbi
922 1701 1078 1762 notionem
1100 1719 1174 1780 prae
1205 1718 1238 1760 se
1261 1699 1336 1778 iert,
1370 1698 1401 1760 id
1428 1709 1479 1759 est:

335 1802 391 1863 ubi
413 1803 533 1866 nonita
548 1802 738 1882 debilitatur,
765 1812 801 1867 ut
815 1823 885 1866 cum
905 1806 1087 1883 pronomine
1110 1804 1327 1883 interrogatiuo
1350 1803 1383 1864 iu
1403 1821 1483 1863 unam

335 1907 426 1987 quasi
448 1893 602 1968 notionem
626 1917 721 1986 coeat,
747 1906 886 1970 sednon
910 1908 977 1969 siue
999 1908 1032 1969 ui
1055 1907 1190 1986 effertur,
1217 1925 1320 1987 neque
1341 1925 1411 1968 eum
1431 1907 1482 1966 solo

335 1998 761 2090 pronomine'interrogatiuo
791 2012 831 2073 ita
856 2009 1107 2091 coniungendum
1134 2019 1198 2087 est,
1232 2019 1266 2071 ut
1296 2007 1337 2070 ad
1366 2009 1482 2071 uerbum

335 2114 459 2174 omnino
482 2132 542 2174 nou
565 2116 727 2194 pertineat,
753 2113 810 2175 sed
831 2113 989 2194 adipsum
1006 2099 1139 2177 uerbum
1155 2114 1305 2175 enuntiati
1321 2111 1483 2174 secundarii

338 2234 408 2276 oum
431 2219 612 2295 pronomine
635 2218 855 2298 interrogatiuo
878 2219 1031 2279 artissime
1053 2217 1252 2278 coniunctum
1275 2225 1412 2296 spectet,
1435 2235 1484 2296 po-

337 2327 450 2380 stremo
472 2319 528 2381 ubi
551 2338 614 2381 non
636 2337 708 2400 pars
731 2321 974 2400 interrogationis
996 2319 1052 2382 sed
1075 2328 1135 2381 tota
1159 2339 1199 2381 ex
1215 2321 1318 2382 *nescio
1342 2320 1484 2382 enuntiato

335 2423 481 2502 primario
496 2422 612 2503 pendet
626 2425 829 2503 interrogatio,
849 2423 913 2484 fieri
930 2443 992 2485 non
1008 2432 1118 2503 potest,
1143 2423 1219 2503 quin
1238 2423 1374 2485 uerbum
1390 2421 1484 2484 eadem

336 2526 403 2606 iege
425 2534 518 2605 atque
540 2527 571 2588 in
595 2528 706 2588 ceteris
729 2526 1022 2608 interrogationibus
1038 2545 1077 2587 ex
1093 2527 1236 2606 negatiuo
1251 2527 1411 2608 enuntiato
1428 2526 1485 2604 pri-

335 2629 432 2689 mario
454 2628 662 2709 pendentibus
687 2629 811 2692 modum
834 2632 1064 2692 coniunctiuum
1089 2627 1213 2691 induat:

336 2736 375 2791 Pi.
401 2739 485 2794 Most.
512 2740 572 2795 708
602 2731 658 2813 (ΙΙΙ,
687 2745 716 2806 2,
747 2737 793 2809 tt)
823 2739 910 2811 Atque
928 2740 981 2812 pol
1002 2739 1111 2806 nescio,
1137 2743 1170 2793 ut
1191 2737 1316 2794 moribus
1339 2739 1414 2793 sient

828 2843 959 2898 rostrae:
982 2831 1044 2922 (at)
1069 2841 1146 2906 baec,
1172 2849 1217 2898 sot
1244 2841 1315 2907 scio,
1350 2858 1434 2914 quum
1453 2857 1487 2894 me

901 2944 1001 3000 tabeat
1021 2945 1105 3012 mate,

826 3049 908 3102 Peius
927 3047 1046 3120 posthae
1070 3048 1141 3119 fore,
1167 3062 1252 3119 quam
1273 3047 1331 3118 suit
1351 3047 1432 3102 mitt.

397 3150 454 3204 Mil.
484 3155 543 3207 299
572 3148 615 3220 (li,
645 3153 673 3216 3,
702 3149 751 3224 28)
822 3149 895 3218 Quid
920 3150 980 3205 tuat
1001 3166 1053 3217 me,
1083 3151 1197 3206 nescio:
1225 3149 1294 3206 baec
1315 3166 1360 3205 me
1382 3149 1485 3213 uidisse,

900 3269 949 3323 epo
973 3261 1047 3310 certo
1069 3255 1137 3310 scic.

399 3356 485 3411 Poen.
513 3357 533 3424 1,
564 3361 591 3424 t,
621 3361 656 3413 tt
687 3352 770 3432 (⁴70)
823 3359 954 3428 Intettepo
978 3356 1078 3430 terete,
1104 3357 1153 3412 sed
1167 3373 1226 3428 quo
1242 3357 1361 3425 cuades,
1387 3357 1485 3412 nescio.

334 3458 397 3512 Tor.
424 3460 498 3515 Eun.
520 3464 580 3516 657
602 3451 671 3534 (1111,
693 3463 721 3526 3,
745 3459 792 3526 ts)
821 3459 879 3530 Epo
908 3459 987 3515 ittam
1022 3462 1135 3528 nescio,
1175 3459 1229 3528 Qui
1258 3456 1398 3531 tuerit21)
1436 3459 1485 3522 tor,

901 3565 977 3635 quod
998 3562 1074 3635 fecit,
1101 3580 1145 3618 res
1166 3565 1231 3636 ipsa
1252 3563 1373 3619 indicat.

333 3663 371 3719 ri.
399 3665 485 3720 Poen.
511 3666 558 3732 ΙΙΙ,
578 3670 615 3732 t,
646 3667 680 3721 rt
709 3662 793 3736 (582)
824 3666 891 3721 Tum
913 3683 966 3722 uos
985 3667 1112 3722 animum
1135 3666 1274 3725 aduertite
1295 3669 1399 3740 ipitur:
1425 3668 1487 3721 tunc

897 3785 950 3825 uos
974 3772 1099 3826 lenonem
1121 3771 1227 3841 Lycum

823 3872 958 3928 rilouistis.
979 3865 992 3950 ΙΙ
1008 3873 1109 3929 Facile.
1127 3865 1141 3951 ΙΙ
1156 3873 1189 3929 tt
1200 3870 1257 3948 pot
1267 3891 1317 3945 epo
1341 3891 1414 3938 eum,
1440 3889 1487 3942 qua

897 3976 934 4032 sit
954 3975 1039 4048 facie,
1065 3977 1174 4032 nescio.

402 4105 423 4168 t)
448 4107 498 4168 Qui
515 4109 565 4172 suit
583 4107 755 4172 Eugruphius
774 4109 799 4156 in
821 4076 922 4168 terrim,
944 4121 991 4172 epo
1008 4109 1092 4159 nescio
1109 4108 1190 4169 ittam,
1213 4109 1263 4170 Qui
1280 4112 1327 4161 stet
1337 4109 1455 4159 Donatus
1466 4107 1486 4154 in

331 4190 423 4242 iemm.
