3116 5020
304 387 346 446 Do
369 387 496 446 Smmxt
521 389 801 448 lx‘rnxcuxrrom
824 385 1028 457 Oomoraarrr.
1186 382 1248 444 297

87 555 163 616 hent
187 557 247 617 lllll
273 576 356 636 seq.:
393 560 459 618 Meo
480 558 561 618 dicto
585 559 738 638 exsoletis
767 577 853 619 nosce
880 575 945 617 rem
974 556 1056 616 uides
1084 573 1163 633 quire
1191 554 1248 612 sim

86 667 113 719 et
135 677 215 738 potae
242 658 293 739 sni
320 667 389 720 onte
412 661 510 721 Nihilo
539 680 592 740 epo
620 679 712 741 quom
739 679 820 722 nunc
849 668 880 720 tu
907 667 1012 720 umato
1034 658 1130 737 sum¹l
1158 664 1248 736 atquo

87 762 141 819 uni
163 760 249 822 modo
271 763 352 842 poesi
373 781 494 824 morem
534 763 634 824 Verba
657 781 725 824 meo
746 762 826 822 dicto
843 761 957 822 llitschl
981 771 1138 839 tamquam
1161 758 1248 838 glos*

86 880 170 924 sema
194 861 332 924 adhaec
360 863 400 944 (u.
430 865 499 945 lus)
526 864 716 943 adscriptum
739 863 864 941 deleuit,
891 865 1029 926 seruauit
1044 881 1145 941 nuper
1160 862 1195 922 G.
1213 863 1244 920 F.

87 965 123 1028 G.
159 966 288 1028 Mueller
318 969 349 1028 in
379 967 501 1047 prosod.
534 968 631 1048 plaut.
666 986 696 1047 p.
729 969 802 1045 2⁴8,
833 968 887 1047 qui
916 985 1026 1047 parum
1049 964 1250 1046 probabiliter

85 1070 265 1147 proposuit:

219 1172 287 1232 lico
308 1173 391 1235 <licto
412 1192 455 1234 em
476 1173 565 1253 sociis
586 1191 690 1234 nosce:
716 1191 762 1234 me
784 1173 863 1251 uide,
890 1191 968 1254 quoe
989 1174 1047 1232 sim
1061 1179 1089 1233 et
1103 1189 1180 1251 quoe
1202 1168 1251 1248 sui

1088 1281 1174 1334 aule:

217 1377 318 1440 ertilo
333 1397 386 1460 epo
401 1397 493 1458 quom
508 1398 587 1440 nunc
604 1386 634 1440 to
650 1371 782 1462 (minus)
797 1396 864 1438 sum
879 1386 984 1438 amato
999 1385 1088 1456 atque
1103 1378 1159 1436 urii
1172 1377 1251 1456 pessi

1088 1495 1209 1538 morem.

87 1581 155 1641 Sim
177 1589 209 1640 et
230 1579 281 1657 fui
302 1580 408 1644 modos
430 1583 565 1644 uariatos
588 1584 628 1642 ita
652 1582 782 1643 fortasse
804 1584 936 1663 explicet
957 1581 1080 1661 aliquis
1107 1591 1142 1641 ut
1151 1579 1247 1641 uerba

86 1701 166 1763 quoe
189 1686 246 1744 sim
268 1703 308 1748 ex
330 1684 415 1748 uideo·
437 1686 596 1749 enuntiato
618 1685 761 1764 primario
784 1684 919 1765 pendere
941 1693 1065 1762 statuat,
1091 1700 1152 1744 non
1175 1684 1248 1742 item

87 1784 185 1849 uerba
214 1803 292 1866 quac
312 1787 362 1868 fui
394 1797 478 1850 unte:
513 1807 604 1868 posse
633 1789 715 1848 enim
742 1788 994 1850 Philocomasium
1021 1784 1138 1864 uidere,
1168 1803 1248 1865 quae

88 1888 211 1967 Scapha
234 1907 319 1949 nunc
347 1891 403 1966 sit,
438 1908 500 1951 nou
522 1909 602 1970 quae
625 1900 715 1951 antea
740 1890 845 1951 luerit:
880 1891 982 1969 itaque
1009 1908 1087 1970 quoe
1109 1888 1158 1964 sui
1179 1896 1248 1949 onte

86 1989 186 2051 uerba
212 2008 272 2052 non
295 2012 333 2052 ex
356 1992 441 2054 uides
462 1991 599 2070 pendere
621 1991 677 2053 sed
693 2012 748 2072 pro
764 2012 845 2053 mera
868 1992 1089 2052 exclamatione
1105 1989 1248 2053 habenda

84 2111 167 2154 esse.
210 2093 291 2153 Sane
314 2095 404 2155 simili
427 2095 653 2157 ratiocinatione
676 2095 712 2155 Ο.
731 2095 863 2174 Seyffert
884 2094 996 2155 ductus
1019 2113 1087 2155 esse
1109 2092 1245 2171 uidetur,

85 2213 158 2255 curn
184 2196 216 2255 in
239 2196 343 2257 Philol.
371 2200 478 2275 XXIX,
505 2216 535 2277 p.
562 2199 622 2258 393
647 2195 846 2260 scribendum
868 2199 1036 2259 coniceret:

219 2301 272 2361 13ae
294 2297 387 2378 sactis
408 2319 494 2364 nosce
517 2321 597 2362 rem:
622 2299 716 2374 uicies,
744 2295 829 2387 (epo)
852 2320 929 2382 qrtoe
951 2301 1016 2360 sior.
1047 2307 1074 2360 et
1099 2317 1178 2379 quoe
1203 2299 1251 2379 sui

85 2401 178 2462 ontel
185 2395 208 2482 ²)
247 2401 312 2483 (ubi
335 2422 437 2465 errore
459 2404 678 2485 typographico
700 2422 795 2485 praua
818 2413 903 2465 extat
925 2401 1130 2480 interpunctio
1152 2401 1243 2462 haec:

220 2505 273 2565 Eoe
287 2504 377 2585 factis
392 2525 478 2568 nosce
493 2527 556 2567 rem
571 2505 666 2567 uides.
704 2526 756 2588 epo
772 2525 850 2587 qucre
865 2507 932 2580 sim,
951 2515 979 2567 et
994 2524 1070 2587 quoe
1084 2504 1133 2584 fui
1146 2500 1244 2583 autel)

87 2605 169 2667 Cum
194 2607 313 2687 Scapha
336 2617 367 2670 et
389 2628 468 2688 quae
492 2606 584 2672 luerit
610 2607 719 2690 (amata
749 2619 781 2670 et
804 2611 857 2670 uni
880 2608 1009 2670 amatori
1033 2606 1190 2688 morigera)
1218 2615 1250 2667 et

85 2726 170 2787 quac
195 2728 279 2769 nunc
302 2711 342 2773 sit
370 2711 484 2790 (relicta
506 2711 690 2792 desertaque
719 2711 760 2772 ab
789 2713 933 2792 amatore)
968 2709 1114 2771 uersibus
1143 2710 1248 2769 200—

85 2811 150 2872 202
175 2823 319 2891 exponat,
345 2810 405 2875 tale
428 2813 505 2894 quid
528 2823 687 2896 expectes:

220 2917 378 2993 Postremo,
404 2919 432 2977 si
453 2918 538 2979 dictis
560 2919 665 3000 nequis
685 2917 822 2999 perduci,
848 2925 883 2978 ut
903 2936 980 2978 uera
1002 2916 1075 2976 lrccc
1097 2914 1214 2989 credas,

219 3019 271 3080 Eae
280 3017 373 3096 sactis
384 3038 470 3082 nosce
481 3039 561 3082 rem:
580 3019 653 3082 uide
666 3013 754 3106 (me),
773 3039 854 3100 quae
866 3021 924 3080 sim
937 3027 965 3080 et
979 3037 1059 3098 quae
1071 3009 1249 3103 iu(er>i(m>

1005 3129 1091 3183 onte:

221 3215 320 3285 Nihilo
342 3244 395 3305 epo
418 3244 509 3306 quam
531 3243 611 3286 nunc
634 3232 666 3286 tn
696 3215 828 3312 (minus)
857 3242 925 3286 sum
952 3231 1058 3285 amota
1086 3231 1175 3303 atque
1197 3204 1251 3284 ani

222 3413 283 3486 (lui
300 3411 352 3492 pol
372 3431 442 3473 me.
464 3458 471 3471 .
494 3460 499 3470 .
526 3411 646 3492 reliquit
668 3420 721 3474 etc.
1002 3345 1081 3407 yma
1102 3344 1224 3402 morem,

85 3515 151 3574 Nec
175 3523 278 3576 mmen
301 3515 378 3576 aliae
400 3524 432 3576 et
453 3513 624 3593 explicandi
648 3526 679 3576 et
700 3513 886 3577 emendandi
909 3516 978 3575 uiae
1001 3512 1126 3575 desunt.

161 3738 184 3802 t)
205 3737 265 3789 Non
283 3751 342 3788 sum
359 3743 448 3788 amoto
469 3738 512 3799 (ita
535 3739 601 3788 teste
619 3737 784 3802 liitscholio)‚
808 3737 855 3788 sod
880 3743 967 3788 amoto
989 3749 1047 3786 eum
1071 3738 1098 3786 in
1116 3737 1136 3786 B
1160 3739 1250 3786 extare

87 3824 197 3874 monuit
214 3837 258 3872 mo
271 3823 449 3883 studemund‚
469 3824 514 3886 qui
532 3823 605 3872 illam
624 3823 771 3874 uerborum
790 3824 992 3874 collocationem
1011 3835 1086 3872 mero
1104 3823 1189 3872 errori
1208 3824 1251 3886 ty-

85 3909 255 3977 pographico
278 3909 304 3960 in
327 3911 457 3973 apparatu
479 3909 573 3960 critico
591 3909 770 3960 ititscheliano
794 3909 887 3959 deberi
905 3923 939 3959 ex
956 3910 995 3959 eis
1013 3907 1154 3967 conclusit,
1181 3921 1250 3972 quae

87 3995 252 4047 niucuotios
270 3994 304 4044 de
321 3996 360 4045 Da
378 3995 526 4046 adnotauit.

158 4082 184 4143 2)
204 4081 264 4132 bem
286 4082 359 4142 uide,
385 4094 451 4144 quoa
473 4082 522 4130 nm
556 4085 584 4131 ot
605 4093 670 4143 quoe
692 4083 731 4147 pti
754 4084 828 4131 onte!
853 4080 978 4131 similiter
1001 4081 1054 4130 iam
1072 4082 1251 4146 proposuerat

84 4168 240 4233 Scioppius.
