3086 5024
314 435 375 498 228
741 433 894 496 Envtnnvs
918 434 1041 496 Bsernn.

313 627 427 688 prauos
449 603 607 684 exhibent,
634 605 718 666 solus
742 604 839 668 codex
854 603 1077 669 Ambrosianus
1093 607 1305 667 coniunctiuos
1321 608 1449 680 semauit

313 714 367 792 qui
389 707 536 790 loquendi
559 726 619 771 usu
640 708 849 788 postulantur:

312 823 353 877 Pl.
380 819 483 876 Bacch.
510 823 569 877 528
599 811 656 894 (ΙΙΙ,
685 821 714 884 5,
742 810 769 892 3)
797 818 870 876 Num
891 819 1090 876 illudonimur
1112 835 1187 874 meus
1202 820 1333 886 miratur,
1350 820 1453 873 sione

878 921 964 992 tetigit
985 923 1110 989 nundus,
1136 918 1210 988 Quid
1235 925 1397 976 remoretur.

311 1019 549 1090 REMOBETUR
571 1014 607 1096 A,
634 1025 807 1080 remoratur
828 1017 903 1079 Pall.

310 1129 351 1183 Pl.
378 1129 441 1184 Cas.
468 1127 515 1194 ΙΙΙ,
543 1130 572 1194 5,
603 1129 639 1182 15
668 1123 750 1197 (534)
798 1125 871 1182 Face
903 1133 1033 1192 uratum,
1070 1125 1188 1191 ornabo,
1224 1127 1324 1197 pollio.
1342 1118 1355 1202 {l
1369 1126 1454 1180 Timeo

878 1227 932 1284 boo
953 1230 1048 1300 nepoti
1068 1228 1139 1300 quid
1161 1231 1224 1285 siet.

309 1327 657 1404 NEGOTIQUIDSIET
675 1323 711 1405 A,
736 1328 887 1408 nepotiana
910 1326 983 1407 quid
1005 1334 1049 1389 est
1070 1329 1103 1388 B.

396 1431 620 1494 Coniunctiuus
642 1430 733 1508 igitur
755 1427 936 1491 reddendus
959 1430 1018 1491 erit
1039 1440 1070 1491 et
1092 1449 1163 1492 oum
1185 1429 1274 1490 libris

310 1539 408 1595 Plauto
431 1540 505 1594 lien.
534 1542 593 1594 38l
624 1531 667 1613 (ΙΙ,
696 1543 726 1606 3,
754 1531 802 1613 33)
845 1537 935 1594 Nimis
964 1539 1067 1612 miror,
1098 1538 1167 1609 quid
1190 1538 1241 1593 boe
1263 1534 1298 1591 sit
1319 1540 1414 1608 nepoti.
1431 1528 1443 1612 ss

876 1631 1003 1697 ‘ototou
1024 1642 1230 1714 marsuppium.

314 1738 439 1821 (Ritsobl
469 1739 592 1816 scripsit
618 1737 691 1819 quid
719 1738 772 1800 boo
794 1746 837 1799 est
865 1740 980 1818 nepoti,
1014 1739 1108 1800 Bothe
1131 1739 1206 1820 quid
1234 1737 1288 1798 boe
1307 1739 1401 1818 nepoti
1420 1746 1456 1797 est

308 1842 477 1921 proposuit,
503 1839 559 1900 sed
581 1842 621 1901 rit
641 1843 740 1922 nepoti
760 1839 912 1920 praebent
933 1839 1029 1922 libri.)

309 1953 340 2004 et
361 1952 464 2005 eontra
487 1943 637 2004 librorum
660 1944 873 2005 auctoritatem
896 1941 1025 2005 sortasse

308 2051 393 2108 Aeeio
419 2050 515 2122 (Ribb.
541 2052 625 2122 Trag.
654 2055 725 2120 too,
754 2046 823 2128 rar)
851 2051 903 2120 At,
930 2049 1047 2119 dubito,
1074 2051 1143 2121 quid
1166 2051 1243 2121 agis:
1270 2067 1349 2117 eoae,
1377 2068 1409 2106 ae
1428 2053 1452 2105 io

627 2227 636 2238 ·
876 2153 986 2211 turbam
1008 2162 1034 2210 te
1055 2154 1182 2226 triplices.

307 2253 347 2314 ab
369 2250 469 2314 dubito
490 2253 578 2313 Nonii
600 2250 649 2314 ed.
678 2252 771 2332 ⁴526,
798 2271 839 2314 aa
861 2250 962 2314 dubito
984 2251 1025 2313 lta
1047 2250 1129 2329 libri,
1157 2250 1232 2314 baut
1252 2249 1348 2314 <tubiro
1372 2251 1452 2311 Bothe
1519 2309 1520 2340 p

310 2357 337 2433 t,
364 2363 397 2417 ot
419 2354 520 2417 dubito
544 2355 637 2416 Bothe
660 2357 694 2432 2;
722 2364 762 2417 ut·
776 2354 890 2432 dubito,
917 2355 991 2437 quid
1013 2355 1081 2436 apis
1096 2353 1297 2416 scribendum
1312 2373 1378 2416 esse
1396 2355 1454 2414 exi·

306 2457 578 2537 stimauitldaebly
600 2459 633 2519 in
656 2459 758 2520 annal.
785 2457 890 2538 pbilol.
918 2459 1005 2537 LXV,
1032 2477 1063 2538 p.
1090 2457 1163 2538 287,
1193 2458 1273 2518 taor
1297 2457 1449 2519 adnotans:

306 2549 669 2640 ›tdubitore-:bedeolcem
694 2561 912 2643 ueterum«,-
944 2560 998 2640 at,
1031 2560 1102 2622 uide
1126 2569 1173 2640 tu,
1207 2562 1281 2643 quid
1302 2563 1366 2643 opis
1386 2579 1453 2622 eon-

307 2663 376 2723 ieoit
397 2665 529 2743 Vsener‚
564 2663 649 2743 quod
678 2665 719 2725 ita
751 2665 947 2743 correxerim
974 2671 1009 2722 ut
1036 2664 1093 2744 ab,
1126 2664 1195 2726 uide
1218 2674 1266 2742 tu,
1298 2665 1368 2746 quid
1389 2682 1452 2745 opor

306 2765 454 2842 soribam;
489 2785 562 2827 nam
588 2766 664 2828 haee
692 2769 843 2828 sententia
873 2785 948 2847 opos
977 2767 1209 2828 coniunctiuum
1246 2769 1275 2826 in
1310 2769 1451 2829 enuntiato

309 2867 493 2930 secundario
515 2888 577 2929 non
601 2870 703 2930 minus
726 2869 843 2950 flagitat
864 2888 957 2948 quam
982 2867 1023 2948 id,
1050 2869 1133 2950 quod
1157 2871 1295 2933 llibbeek
1318 2869 1409 2931 edidit
1427 2879 1452 2928 et
1514 2837 1515 2913 l

305 2971 346 3049 id,
367 2970 451 3051 quod
465 2971 584 3052 ldaebly
600 2971 795 3034 commendat
815 2970 903 3048 (eonl.
920 2991 1014 3052 supra
1038 2991 1105 3053 pag.
1127 2974 1214 3056 206).
1255 2972 1450 3035 Aliasemen-
1513 2949 1514 2996 Ι

303 3073 398 3135 dandi
422 3077 490 3137 uias
513 3083 618 3154 patere
640 3093 701 3137 non
724 3077 838 3137 neseio.
873 3097 876 3104 ·

869 3229 898 3311 i)

391 3335 437 3393 Ex
459 3333 507 3394 bis
529 3332 819 3414 interrogationibus
835 3332 1017 3394 eximendae
1033 3342 1064 3394 et
1085 3335 1250 3413 separatim
1274 3350 1449 3414 percensen-

304 3435 362 3498 dae
393 3447 467 3497 sunt
494 3456 563 3512 eae,
597 3455 676 3514 quae
706 3456 744 3496 ex
774 3439 872 3498 nescio
902 3438 1061 3498 enuntiato
1083 3437 1229 3517 primario
1250 3435 1397 3517 pendent:
1425 3435 1447 3492 in

303 3540 418 3618 quibus
441 3539 586 3618 quamuis
609 3547 640 3599 et
663 3538 853 3600 indicatiuus
876 3546 907 3599 et
928 3541 1143 3600 coniunctiuus
1166 3549 1344 3616 occurrant,
1372 3537 1448 3597 eertis

303 3653 405 3703 tamen
427 3641 546 3721 legibus
562 3641 761 3704 constitutum
778 3652 835 3719 est,
864 3649 932 3703 uter
954 3659 1077 3722 quoque
1100 3641 1164 3702 loeo
1181 3641 1291 3703 modus
1307 3639 1446 3702 adhiben-

302 3745 361 3806 dus
384 3747 432 3805 sit.
482 3744 583 3826 Atque

863 3899 892 3980 ὃΙ

366 4001 599 4064 indicatiuus
611 4003 643 4062 in
653 4003 700 4062 his
711 4002 1001 4081 interrogationibus
1021 4001 1163 4082 quotiens
1175 4001 1318 4082 occurrit,
1338 4003 1444 4063 effectus

301 4115 349 4166 est
370 4104 463 4166 altera
488 4124 594 4166 earum
617 4124 799 4183 causarum,
827 4105 942 4184 quibus
965 4104 1168 4168 indicatiuum
1193 4106 1221 4165 in
1246 4105 1444 4184 interrogatio-

299 4208 392 4268 nibus
416 4208 549 4287 obliquis
573 4207 652 4268 effici
675 4227 767 4289 supra
785 4227 816 4287 p.
838 4210 897 4268 tta
915 4210 1108 4271 monuimus:
1136 4209 1231 4270 iubis
1255 4210 1337 4270 enim
1361 4209 1442 4266 inter-
