3126 5028
655 434 824 492 Leorotnvs
848 434 1032 493 Raraunum.

391 602 502 681 Apoec.
552 603 682 677 Quemne
711 602 798 664 lodic
825 622 881 684 per
911 601 1015 664 rirhem
1047 610 1171 684 uterque
1193 601 1298 664 ulmus
1321 601 1438 681 defessi

679 707 850 786 quaerere?

391 807 482 888 Epid.
529 804 602 888 'Epo
626 825 692 868 sum
715 807 849 886 deferetis
872 810 1026 887 reperire,
1059 811 1113 868 eds
1135 807 1245 887 defessi
1266 810 1430 887 quaerere.

349 913 445 972 Nimis
469 911 619 990 sagaciter
641 911 858 990 excogitatum,
885 919 919 972 ut
941 909 1115 972 absurdum
1138 909 1207 971 liat!
1242 908 1325 982 Quid
1348 911 1434 970 enirn

263 1015 322 1076 sihi
345 1015 413 1075 uult
428 1014 479 1074 illa
496 1011 658 1093 Apoecidis
681 1014 898 1092 interrogatio‘.l
929 1011 977 1073 An
1001 1012 1133 1091 dubitat,
1160 1014 1231 1092 quis
1253 1010 1435 1073 adseruan—

264 1119 324 1180 dus
353 1117 414 1177 sit‘l
444 1118 507 1177 Hoc
537 1117 563 1176 si
593 1118 804 1195 reputaueris‚
836 1115 1060 1196 ignoscendum
1090 1135 1164 1177 sane
1188 1124 1235 1176 est
1257 1114 1435 1194 Ladewigio

263 1231 295 1282 et
311 1221 433 1297 Weisio‚
460 1217 575 1298 quibus
598 1238 617 1277 a
632 1218 737 1278 Bothio
760 1219 897 1298 scrupuli
918 1219 1055 1296 adempti
1072 1237 1135 1280 nou
1151 1219 1222 1279 siut.
1265 1220 1342 1278 Nam
1359 1229 1435 1279 tex-

264 1333 315 1386 tus
346 1321 516 1384 mutandus
545 1339 607 1381 non
638 1331 694 1381 est.
745 1322 777 1382 si
808 1323 889 1381 enim
921 1321 982 1382 illic
1004 1320 1168 1402 Epidicum
1199 1319 1430 1400 quaerendum,

264 1427 315 1486 hic
336 1423 522 1486 Telestidem
545 1424 717 1502 quaesitam
740 1443 809 1485 esse
833 1434 1106 1503 commemoratur,
1141 1423 1215 1484 nihil
1247 1422 1334 1484 aliud
1356 1422 1434 1484 inde

266 1527 472 1608 colligendum
503 1535 568 1603 est,
601 1545 695 1605 quam
719 1526 827 1588 ambos
849 1529 1006 1607 quaesitos
1030 1547 1099 1588 esse
1121 1545 1179 1587 nee
1201 1527 1332 1605 uestigia
1368 1526 1434 1587 de-

264 1641 356 1708 sunt,
399 1629 514 1708 quibus
558 1629 616 1689 hoc
646 1630 678 1689 in
712 1631 814 1690 animo
847 1630 995 1692 habuisse
1028 1639 1150 1710 poetam
1184 1627 1429 1690 demonstretur.

264 1734 356 1794 Velut
376 1733 563 1812 Philippum,
598 1751 670 1792 cum
699 1749 733 1792 se
763 1751 818 1812 spe
842 1733 921 1794 filiae
944 1732 1152 1794 inueniendae
1174 1731 1338 1810 deceptam
1361 1751 1434 1792 esse

265 1822 379 1912 uideat,
406 1835 595 1913 Periphanes
617 1834 793 1895 consolatur
814 1835 968 1914 pollicitus
992 1855 1026 1896 se
1048 1855 1117 1896 eam
1140 1842 1337 1914 reperturum
1360 1853 1433 1894 esse

269 1939 327 2019 (us.
354 1936 425 1997 587.
453 1938 525 1998 588.
552 1938 600 2015 tv,
628 1939 657 2014 2,
686 1940 735 1998 32.
763 1937 844 2017 33.]‚
871 1947 902 1998 et
924 1938 1001 2017 quid
1023 1947 1111 2019 pater
1133 1939 1293 2016 antiquius
1315 1937 1434 1998 habere

263 2041 379 2121 potuit,
412 2058 506 2118 quam
529 2050 565 2101 ut
592 2039 684 2100 liliam
708 2058 802 2118 quam
824 2040 961 2102 Athenas
991 2040 1153 2102 aduectum
1176 2059 1245 2101 esse
1268 2043 1429 2119 comperit,

264 2162 320 2225 per
342 2152 437 2203 totam
459 2142 570 2203 urbem
593 2145 777 2220 quaereret‘l
807 2145 930 2204 Minime
952 2145 1047 2225 igitur
1069 2150 1158 2223 poeta
1181 2143 1339 2223 peccauit,
1377 2145 1433 2222 qui

265 2263 328 2307 una
352 2264 478 2306 seruum
502 2254 533 2306 et
555 2244 648 2306 filiam
672 2255 858 2324 quaerentes
882 2266 973 2307 senes
996 2246 1083 2322 lecit;
1120 2243 1203 2324 quod
1227 2255 1331 2306 autem
1355 2264 1434 2306 sae-

263 2350 334 2429 pius
363 2348 447 2410 illius
476 2366 570 2428 quam
598 2348 692 2410 huius
720 2351 834 2410 mentio
857 2350 907 2427 fit,
941 2349 974 2410 id
997 2350 1112 2409 comico
1135 2348 1203 2409 stilo
1225 2346 1434 2410 tribuendum

264 2462 328 2529 est,
354 2454 404 2512 cui
428 2470 524 2512 senex
547 2469 638 2512 seruo
660 2452 757 2514 iratus
781 2453 877 2532 magis
901 2471 994 2531 quarn
1018 2462 1107 2530 pater
1129 2452 1222 2512 filiam
1246 2451 1434 2514 desiderans

265 2553 480 2617 conueniebat.
591 2637 594 2643 Ι

351 2864 388 2923 lli
421 2871 496 2923 sunt
525 2862 599 2940 loci,
638 2862 677 2923 de
707 2862 822 2941 quibus
851 2870 921 2941 post
948 2863 1147 2940 Muellerum,
1184 2865 1365 2942 priusquam
1391 2862 1433 2924 de

265 2965 385 3047 Epidici
416 2966 635 3046 compositione
665 2965 813 3027 iudicium
843 2964 1032 3045 laceremus,
1069 2985 1167 3045 pauca
1201 2965 1431 3046 praemittenda

265 3088 334 3130 esse
356 3068 448 3128 nobis
471 3070 574 3129 uisum
597 3077 659 3144 est;
687 3077 791 3146 restat,
819 3076 853 3129 ut
876 3067 1018 3147 eandem,
1045 3087 1138 3148 quam
1162 3071 1212 3130 uir
1226 3068 1335 3130 doctus
1350 3088 1433 3148 pro-

264 3171 335 3233 tulit
365 3171 566 3247 sententiam,
601 3170 795 3250 eloquamur:
831 3190 886 3232 cur
908 3172 988 3232 hanc
1010 3170 1147 3234 fabulam
1170 3173 1433 3232 contaminatione

265 3283 362 3335 ortam
387 3292 456 3334 esse
479 3282 635 3353 putemus,
663 3293 723 3334 non
741 3293 810 3334 esse
826 3293 961 3335 causam.
1003 3275 1089 3353 Nam,
1116 3277 1176 3335 nisi
1192 3276 1311 3354 egregie
1326 3274 1428 3352 fallor,

265 3376 346 3438 duae
377 3377 501 3436 omnino
532 3377 602 3436 uiae
625 3378 891 3438 contaminationis
913 3376 1092 3456 probandae
1114 3387 1235 3457 patent:
1270 3386 1324 3439 aut
1346 3379 1432 3439 enim

265 3497 467 3558 personarum
496 3476 706 3539 condicionem
738 3479 789 3539 uel
810 3481 970 3559 ingenium
993 3482 1023 3541 iu
1047 3478 1179 3540 diuersis
1202 3479 1338 3560 fabulae¹
1351 3499 1432 3559 par-

264 3581 350 3643 tibus
380 3579 504 3642 diuersa
537 3599 606 3641 esse
634 3590 689 3642 aut
711 3592 927 3660 argumentum
950 3581 1052 3644 subito
1075 3585 1282 3670 interruptum
1306 3584 1431 3662 aliaque

265 3686 398 3761 ratione,
425 3693 518 3762 atque
542 3702 602 3762 qua
626 3685 713 3745 initio
733 3686 925 3763 propositum
949 3687 1003 3763 sit,
1038 3687 1253 3747 continuatum
1276 3705 1343 3747 esse
1367 3686 1433 3758 do-

264 3785 398 3847 cendum
414 3794 472 3846 est.
512 3787 646 3846 Priorem
662 3788 745 3847 uiam
761 3787 796 3847 G.
817 3787 1029 3866 Wagnerus
1042 3787 1062 3868 ¹)
1089 3791 1250 3868 ingressus
1273 3797 1329 3867 est,
1356 3808 1431 3850 cum

265 3888 518 3950 Aululariam
541 3891 780 3950 contaminatam
803 3908 870 3951 esse
893 3890 1100 3952 contenderet.
1143 3889 1186 3952 Ac
1209 3911 1276 3952 mea
1301 3889 1432 3970 quidem

266 3992 416 4052 sententia
452 3991 485 4053 id
515 3991 598 4070 quod
629 3992 728 4053 uoluit
764 4012 824 4053 non
857 3993 1017 4072 probauit3
1058 3994 1135 4072 quid
1165 3996 1248 4055 enim
1285 3995 1429 4075 impedit,

269 4129 473 4140 .....——--

337 4213 359 4276 t)
381 4214 418 4265 De
438 4214 523 4263 Plauti
541 4214 677 4267 Aulularia
698 4228 749 4265 scr.
771 4217 800 4265 G.
822 4215 938 4280 Wagner
955 4217 1062 4268 Bonoae
1083 4219 1156 4267 test.
