3176 5028
295 371 335 430 24
735 373 884 436 Αιειειιε
908 378 1012 436 Lucus,

294 545 447 608 eiusmodi
477 545 663 606 dictionibus
691 545 765 607 alibi
795 563 919 624 semper
943 555 1067 624 tempus
1094 562 1243 623 praesens
1270 551 1458 623 usurpatur,

294 667 390 728 quare
405 649 497 709 etiam
512 649 596 708 Trin.
616 648 677 708 659
693 666 755 709 non
769 666 898 727 possum
913 647 1112 728 comprobare
1128 647 1329 708 llitschelium
1344 645 1464 706 Fleck-

295 751 399 812 eiseno
432 767 559 811 suasore
594 769 679 811 nunc
706 749 865 812 edentem:
906 748 1052 812 saluimum
1088 749 1198 812 habebo
1226 749 1377 830 prdtiam3
1415 747 1458 809 ci.

296 853 383 932 Capt.
410 852 482 913 373.
512 851 590 914 aud.
617 853 690 912 835.
719 852 812 913 4397.
841 854 935 916 4442.
966 853 1049 914 Trin.
1077 853 1150 913 306.
1179 855 1266 913 Most.
1293 851 1365 911 434.
1391 850 1458 910 llil.

294 956 391 1017 4228.
419 955 512 1017 4425.
545 955 636 1015 Persa
660 955 732 1016 540.
760 955 833 1016 720.
866 956 954 1016 Ροειι.
981 955 1071 1032 1443,
1106 954 1159 1018 27.
1184 955 1210 1016 V
1231 955 1261 1032 2,
1288 954 1340 1013 84.
1371 951 1455 1014 llud.

297 1058 369 1118 906.
398 1058 491 1120 4222.
518 1059 601 1118 Trio.
629 1059 685 1120 824
714 1067 746 1118 ει
767 1058 812 1118 sio
833 1059 926 1118 etiam
948 1058 1120 1129 Terentius.
1150 1091 1188 1102 -

381 1176 452 1238 Aul.
470 1195 533 1257 arg.
559 1179 581 1256 l,
608 1180 639 1256 2,
666 1176 721 1238 ubi
743 1175 814 1237 libri
835 1177 989 1257 praebent
1011 1179 1099 1239 Domi
1121 1196 1196 1239 suae
1211 1177 1358 1257 desdssom
1373 1175 1462 1236 mul·-

297 1279 335 1340 lr's
356 1277 424 1340 edm
446 1279 560 1361 opibus,
588 1278 701 1358 Guyeti
723 1281 929 1342 coniecturam
951 1280 1045 1341 banc:
1379 1283 1382 1288 “

427 1382 581 1464 defossum
605 1383 706 1444 maltis
728 1382 834 1463 dpr‘bus
858 1381 924 1443 crim
948 1382 1047 1444 domi
1069 1385 1164 1444 suad

296 1501 426 1563 fortasse
448 1503 489 1564 ita
516 1503 588 1580 quis
609 1503 709 1581 possit
730 1502 890 1582 amplecti,
923 1510 959 1562 ut
982 1503 1112 1563 retineat
1134 1500 1201 1563 crim
1233 1498 1350 1581 oplbzis:
1384 1519 1460 1560 nam

296 1606 400 1665 exitus
422 1622 545 1683 uersus,
571 1613 606 1665 ut
628 1614 676 1665 εει
698 1605 731 1664 in
752 1603 841 1665 libris
865 1603 1007 1682 traditus,
1037 1623 1112 1665 sane
1134 1620 1318 1683 magnopere
1341 1601 1461 1682 displi-

296 1715 360 1783 oet3
387 1705 442 1768 sed
465 1725 526 1767 non
542 1707 646 1768 minus
661 1707 825 1768 molestum
841 1715 898 1784 est,
925 1705 1009 1786 quod
1025 1708 1147 1768 initium
1170 1705 1293 1768 duobus
1317 1703 1463 1765 iambicis

297 1808 460 1870 uocabulis
482 1809 624 1870 efficitur.
664 1807 765 1888 Atque
782 1810 808 1869 si
831 1818 880 1870 est
894 1827 1003 1889 operae
1020 1810 1155 1889 pretium
1171 1809 1254 1870 bunc
1267 1817 1462 1888 poetastrum

296 1913 456 1990 corrigere,
482 1910 587 1972 malim
610 1930 666 1990 ego
683 1945 721 1956 -
738 1909 776 1972 oi.
801 1911 879 1991 prol.
907 1913 925 1971 6
949 1929 1036 1994 sqq.:
1065 1911 1249 1973 concredidit
1269 1908 1347 1971 aare
1370 1909 1463 1972 then-

296 2032 422 2075 saurum
440 2014 517 2075 clam
533 2015 644 2074 dmnis:
669 2014 700 2075 ιἰι
716 2014 809 2075 medr'd
830 2014 896 2094 foco
912 2013 1030 2095 Desddt't
1050 2050 1092 2060 -
1107 2014 1257 2076 librorum
1279 2013 1463 2074 memoriam

297 2116 382 2176 bunc
402 2114 466 2176 iere
489 2117 521 2176 in
544 2113 671 2177 modum
694 2117 855 2196 supplere:

427 2236 515 2295 Domi
536 2233 612 2296 stiae
634 2235 786 2314 defossam
808 2233 999 2297 malitiarum
1022 2237 1127 2318 opibus
1149 2230 1198 2321 (in
1220 2231 1314 2322 foco).
1340 2270 1381 2280 -

384 2335 497 2417 Amph.
525 2339 606 2398 4086
630 2337 760 2418 legimus
782 2337 866 2417 apud
888 2339 1118 2401 Fleckeisenum
1141 2338 1223 2400 edita
1245 2339 1335 2400 haec:

427 2431 631 2521 Ἀιιιριιιιιιιος
648 2443 734 2520 piam
749 2443 777 2504 dt
788 2441 929 2521 pudicam
947 2449 1030 2502 ιιιιιιιι
1046 2443 1107 2502 dsse
1123 2459 1251 2502 amorem
1267 2441 1324 2503 uti
1345 2443 1460 2520 sciris,

299 2579 393 2640 quam
416 2560 577 2622 lectionem
599 2559 812 2640 comprobauit
834 2561 868 2622 C.
887 2562 919 2622 F.
939 2561 974 2621 G.
1001 2560 1166 2622 Muellerus
1193 2560 1457 2642 tetraptota)

298 2672 329 2724 ει
344 2671 486 2742 exparte
502 2662 684 2742 Spengelius
705 2663 749 2742 (Τ.
767 2665 805 2723 Μ.
823 2662 867 2722 Ρ4.
884 2681 916 2742 p.
937 2664 1024 2743 204).
1056 2664 1134 2725 Cum
1150 2680 1225 2723 uero
1248 2665 1270 2722 B
1293 2661 1457 2723 exhibeat:

298 2764 465 2844 Amphitrio
491 2766 577 2846 piam
605 2773 633 2826 et
658 2764 802 2844 pudicam
833 2772 916 2826 taam
947 2783 1008 2827 esse
1030 2783 1159 2828 umorem
1182 2766 1327 2842 ursolus,
1360 2774 1393 2825 et
1413 2765 1457 2825 D:

298 2864 464 2948 Amphitrio
483 2869 568 2948 piam
591 2875 621 2928 et
640 2868 784 2948 pudicam
806 2885 869 2930 esse
891 2885 1021 2929 amorem
1043 2876 1077 2929 ιιι
1104 2869 1200 2946 scios,
1234 2867 1311 2929 illud
1333 2865 1463 2947 quidem

298 2978 418 3033 constat
439 2970 533 3049 finem
555 2971 649 3031 huius
672 2989 784 3032 uersus
806 2989 876 3032 esse
898 2989 1028 3032 oaorem
1043 2979 1078 3033 ιιι
1091 2973 1179 3033 scios.
1217 2971 1319 3032 Hiatui
1341 2979 1458 3049 autem,

299 3075 353 3152 qui
376 3083 424 3133 εει
446 3074 526 3133 inter
548 3080 630 3133 tuom
654 3082 685 3134 ει
706 3090 777 3151 esse,
805 3075 880 3134 satis
902 3083 951 3135 est
970 3072 1118 3152 praesidii
1134 3074 1166 3133 in
1181 3073 1283 3136 tribus
1306 3073 1367 3134 illis
1382 3092 1463 3135 uer-

299 3175 389 3237 sibus
410 3177 499 3235 Merc.
527 3176 599 3235 484.
627 3174 699 3236 479.
726 3177 788 3254 888
811 3178 984 3256 ceterisque
1007 3195 1086 3256 quos
1116 3177 1270 3255 congessit
1291 3175 1327 3237 Α.
1353 3177 1462 3256 Spen-

299 3277 397 3357 gelius
424 3276 469 3358 (T.
495 3279 533 3338 tt.
561 3278 603 3337 Pl.
627 3296 659 3357 p.
686 3279 747 3339 204
771 3278 869 3360 sqq.).
914 3278 1057 3360 [Kocbius
1080 3279 1255 3359 proposuit:
1291 3287 1373 3340 tuom
1398 3296 1463 3340 esse

300 3398 448 3440 uooeorem
470 3388 503 3441 ιιι
523 3378 628 3460 scios]
661 3381 708 3441 Ex
730 3379 881 3442 librorum
903 3361 1007 3442 autem
1030 3379 1237 3460 discrepantia
1268 3382 1334 3441 iure
1360 3382 1462 3460 possis

300 3479 481 3544 concludere
503 3501 567 3545 esse
589 3481 696 3544 deberi
718 3481 859 3561 librario,
893 3484 1026 3562 genuina
1056 3501 1131 3544 uero
1153 3482 1250 3544 luisse
1272 3481 1336 3543 iere
1366 3483 1456 3546 hacc:

300 3617 342 3628 -
365 3581 449 3656 idam
472 3578 559 3670 (titt)
582 3602 711 3646 uxorem
734 3583 769 3646 dt
788 3589 876 3647 sciat.
906 3621 944 3632 -

386 3704 488 3766 Casin.
514 3704 591 3784 prol.
620 3704 660 3765 47
683 3705 755 3766 olim
778 3706 871 3786 uulgo
893 3725 1055 3788 perperam
1078 3705 1251 3788 legebatur:

430 3808 586 3888 Postquam
612 3810 648 3869 do
671 3807 802 3869 adoleuit
823 3809 864 3870 dd
886 3827 951 3870 eom
976 3813 1113 3889 aeidlem,
1140 3813 1198 3873 ult'
1220 3812 1338 3872 uiris.

301 3927 439 3989 omnium
461 3925 600 3988 codicum
623 3927 799 3989 lectionem:
828 3928 870 3990 od
891 3949 957 3991 eom
981 3937 1107 3992 oetatem
1133 3939 1166 3992 ιιι
1187 3932 1265 3992 uires
1287 3931 1463 4011 Geppertus

301 4048 403 4109 nuper
425 4030 467 4090 ita
489 4027 636 4092 studebat
657 4029 838 4110 defendere,
872 4041 907 4093 ut
928 4032 1047 4094 hiatum
1070 4035 1151 4094 inter
1178 4051 1245 4095 eom
1274 4041 1306 4094 et
1334 4041 1463 4094 oetatem

306 4131 495 4198 intercedere
510 4139 668 4197 statueret.
694 4134 800 4196 Posset
815 4136 908 4197 etiam
930 4135 1008 4198 alter
1022 4137 1106 4198 iuter
1125 4142 1252 4200 oetatem
1267 4145 1299 4198 ει
1312 4143 1347 4197 ιιι
1360 4135 1462 4210 locum
