3116 5020
313 427 375 488 242
740 427 894 488 Eommms
918 426 1041 490 Bactri.

312 605 353 660 Pi.
379 605 447 659 Cist.
474 605 509 672 ll,
538 609 565 672 3,
592 607 608 660 i
634 604 703 660 Dico
726 606 760 671 ei,
783 619 844 674 quo
866 609 950 673 paeto
982 619 1044 659 eom
1072 602 1107 658 ob
1138 601 1328 675 hippodromo
1359 598 1479 676 uiderim

643 708 747 764 Erilem
768 715 895 764 normam
915 707 1004 780 filiam
1025 707 1181 764 sustollere.
1238 777 1245 784 „
1356 769 1359 774 ,

377 813 461 866 Cure.
491 814 549 867 608
579 803 621 885 (V,
650 817 679 878 4,
709 803 757 887 40)
803 811 865 866 Dixi
902 810 1028 882 equidem
1065 809 1124 877 tibi,
1165 809 1244 864 unde
1282 807 1321 864 ad
1352 825 1399 864 me
1435 806 1479 861 liic

897 915 1075 983 peruenerit.

375 1016 433 1074 Mil.
464 1019 543 1073 4097
572 1017 642 1089 (1141,
671 1021 699 1085 0,
729 1011 756 1094 4)
800 1017 858 1072 dixi
889 1017 1015 1088 equidem
1045 1015 1111 1084 tibi,
1151 1015 1214 1083 Quo
1246 1019 1331 1084 pacto
1359 1014 1392 1068 id
1417 1015 1478 1085 fieri

893 1120 984 1189 possit
1007 1119 1238 1178 elementissume.

309 1224 375 1278 Ter.
396 1223 462 1278 Hen.
494 1226 553 1279 444
582 1223 613 1292 (Ι,
641 1227 671 1289 4,
699 1216 748 1298 70)
796 1222 962 1293 Narratque,
989 1227 1020 1278 ui
1041 1223 1123 1293 uirpo
1146 1220 1182 1276 ob
1205 1237 1234 1276 se
1256 1221 1366 1290 intepru
1390 1220 1477 1274 etium

560 1319 561 1322 ’
893 1333 951 1381 tum
973 1325 1037 1380 siet.

396 1425 448 1481 ia.
478 1432 537 1486 364
566 1427 622 1501 (411,
653 1433 682 1498 3,
711 1427 758 1502 40)
803 1428 919 1484 Omnem
940 1445 999 1483 rem
1020 1428 1104 1484 modo
1127 1429 1198 1493 seni,
1225 1425 1288 1495 Quo
1310 1432 1396 1495 pacto
1420 1425 1477 1479 ba-

891 1529 985 1599 beret,
1010 1546 1180 1588 enarramus
1203 1530 1310 1586 ordine.

308 1633 348 1686 Pi.
376 1634 448 1690 liud.
475 1635 550 1703 prol.
578 1637 616 1690 44
641 1633 816 1690 Adulescenti
837 1634 888 1690 olii
910 1640 1037 1703 narrant,
1065 1639 1095 1688 ut
1117 1649 1161 1689 res
1182 1639 1261 1704 peste
1283 1633 1329 1690 sit.

308 1737 373 1790 Ter.
395 1737 461 1791 Hec.
492 1741 550 1794 582
581 1730 650 1813 (iiii,
679 1741 707 1804 2,
737 1731 765 1812 6)
798 1738 871 1794 evum
908 1738 978 1792 milri
1014 1738 1091 1792 intus
1128 1744 1192 1792 tuus
1227 1742 1310 1806 peter
1341 1734 1473 1788 narranii

890 1841 985 1909 modo,
1011 1854 1070 1910 qun
1092 1844 1177 1908 pacto
1199 1853 1243 1892 me
1265 1835 1413 1895 habueris.

215 1953 218 1958 ·
308 1941 347 1994 Pl.
375 1942 458 1997 Most.
488 1947 566 1999 tiit
596 1937 638 2020 (V,
667 1946 696 2010 i,
724 1942 753 2014 3)
798 1941 916 2015 Quoque
952 1943 1038 1999 modo
1074 1942 1214 1997 bominem
1243 1929 1473 2020 ad(uenientem)

376 2117 377 2121 ἵ
890 2063 988 2102 seruos
1004 2045 1207 2119 ludificetussii
1226 2039 1296 2114 (scil.
1313 2043 1468 2112 narrauit).

211 2146 216 2157 '
306 2147 371 2201 Ter.
391 2145 479 2202 Andr.
502 2150 560 2204 490
582 2142 640 2224 (ΙΙΙ,
661 2152 689 2218 i,
720 2143 768 2226 40)
797 2149 859 2208 Non
882 2148 1041 2219 imperabat
1064 2165 1177 2218 eoram,
1206 2147 1275 2217 quid
1299 2164 1370 2221 opus
1390 2147 1471 2218 sacto

889 2258 966 2308 esset
986 2268 1153 2326 puerperae,

796 2354 854 2412 Sed
872 2365 1024 2430 postquam
1047 2361 1194 2427 epressest,
1221 2364 1272 2412 etc.

305 2454 373 2510 Cato
396 2455 432 2510 dc
456 2474 480 2510 r.
506 2474 530 2512 r.
558 2457 624 2525 CLI,
655 2462 664 2513 4
696 2458 794 2516 Semen
818 2462 952 2533 cupressi,
994 2460 1111 2530 quando
1142 2460 1196 2530 lepr'
1231 2459 1288 2513 seri
1313 2473 1468 2528 propequ-

887 2565 967 2640 rique
995 2568 1138 2634 oporteat,
1170 2569 1197 2618 et
1226 2576 1284 2632 quo
1307 2566 1390 2630 pacto
1417 2577 1472 2614 en-

885 2675 1012 2740 pressula
1026 2668 1083 2722 seri
1100 2671 1243 2735 oporteat,
1271 2665 1381 2721 Manius
1400 2663 1473 2717 Per-

885 2771 1001 2828 cennius
1030 2770 1159 2826 Nolanus
1186 2769 1225 2823 od
1251 2768 1324 2824 bunc
1351 2766 1470 2822 modum

887 2873 1067 2929 monstrauit.

305 2971 370 3024 Ter.
397 2972 497 3027 Heani.
527 2977 556 3030 7.
583 2974 657 3043 prol.
685 2976 794 3030 Nouem
819 2990 878 3030 esse
899 2975 1022 3041 ostendi,
1049 2984 1075 3033 ct
1096 2991 1171 3046 quse
1194 2979 1280 3030 esset.

387 3075 487 3130 Heaut.
516 3080 575 3132 384
603 3075 648 3149 (44,
678 3082 705 3146 4,
734 3080 762 3149 4)
793 3079 865 3136 Nom
887 3079 967 3147 miii,
993 3079 1078 3148 quale
1093 3079 1235 3150 inperium
1251 3073 1385 3142 babereS,
1410 3073 1473 3146 suit

882 3181 986 3241 indicio
1009 3183 1112 3240 oratio.

301 3280 340 3334 Pl.
368 3283 454 3336 Merc.
486 3286 521 3339 40
551 3283 582 3354 (4,
613 3288 640 3352 4,
672 3279 719 3360 40)
795 3284 852 3340 Sed
872 3302 905 3342 ea
927 3291 960 3341 ui
981 3286 1036 3340 sim
1047 3280 1065 3356 ¹)
1093 3284 1265 3356 implicitus,
1292 3281 1397 3336 dicam.

365 3385 442 3438 Trin.
461 3386 536 3454 proi.
555 3392 570 3442 6
587 3389 668 3442 Nune
683 3388 771 3457 ipitur
782 3389 917 3460 primunr,
933 3403 1008 3458 quae
1021 3404 1071 3460 epo
1087 3388 1152 3455 sim,
1168 3394 1194 3441 et
1204 3401 1280 3456 quae
1295 3387 1377 3440 illaec
1393 3385 1463 3452 siet,

885 3491 1047 3559 ...dicam
1072 3491 1099 3546 si
1120 3490 1246 3546 orimum
1268 3487 1434 3546 aduertitis.

361 3589 439 3645 Asin.
467 3591 541 3660 proi.
571 3596 598 3646 6.
640 3592 720 3647 Nunc
742 3592 812 3662 quid
828 3593 1020 3661 processerim
1042 3593 1096 3650 leuc
1119 3599 1145 3648 et
1169 3591 1239 3661 quid
1262 3590 1333 3646 mibi
1355 3590 1469 3645 uniue-

880 3696 946 3764 rim,
972 3697 1081 3752 Dicam.

296 3798 364 3852 Cato
387 3795 452 3851 libr.
472 3797 507 3852 ad
524 3798 612 3854 filium
631 3802 641 3854 4
668 3790 756 3875 (iord.
776 3815 805 3868 p.
826 3801 877 3867 77,
900 3791 926 3873 4)
947 3799 1045 3856 Dicam
1060 3799 1094 3855 de
1116 3798 1176 3856 istis
1193 3797 1304 3858 Gremio
1318 3813 1370 3852 suo
1389 3798 1468 3864 loeo,

881 3902 973 3958 Meroe
994 3901 1045 3973 fili,
1069 3901 1139 3972 qnid
1155 3900 1267 3958 illimis
1288 3901 1468 3971 requisitum

876 4002 1000 4059 habeam
1016 4011 1042 4060 et
1056 4003 1136 4074 quod
1160 4003 1264 4060 bonum
1284 4005 1320 4058 sit
1341 4005 1467 4060 illorum

879 4107 986 4163 litteras
1008 4109 1224 4182 inspiceremus
1244 4107 1420 4178 perdiscere.

364 4222 386 4282 t)
407 4235 437 4270 en
457 4221 610 4280 Lambinus,
632 4234 690 4272 eum
708 4219 768 4270 iibri
788 4219 909 4270 Palatini.
