3116 5020
306 323 369 386 262
535 419 537 422 Ι
731 315 886 384 Ennianis
909 325 1034 384 Beonan.

306 501 346 556 Pl.
371 502 455 557 llost.
484 505 543 557 708
574 493 634 574 (¹1¹2
660 505 689 568 7,
719 495 767 576 ta)
794 502 883 572 Atque
902 499 954 574 pol
975 501 1106 566 nescio,
1130 497 1306 554 nemoribus
1327 501 1390 554 sicot

802 603 924 666 Vestrae,
951 589 1013 682 (ot)
1037 601 1113 666 laec,
1136 609 1181 656 sot
1209 602 1284 670 scio,
1319 617 1398 672 quam
1415 619 1447 658 ne
1519 617 1520 688 7

891 701 980 758 habet
1000 704 1082 770 male,

798 809 878 864 Peius
896 807 1017 880 posthae
1038 807 1110 878 sore,
1135 823 1218 878 quum
1239 807 1296 878 suit
1317 807 1388 862 milti.

306 904 416 966 habeat
436 905 590 985 praebent
610 904 697 984 libri,
731 916 830 982 recte,
865 912 899 965 ut
921 902 1062 980 uidetur,
1096 905 1241 982 quamuis
1264 903 1351 965 lubet
1370 904 1448 966 forma

305 1025 504 1068 numerorum
528 1007 677 1086 elegantia
701 1005 934 1069 commendetur
943 1026 955 1082 ;·
984 1016 1120 1067 ceterum
1144 1005 1311 1068 admodum
1335 1006 1447 1068 dubium

308 1121 364 1187 est,
390 1129 466 1171 num
489 1110 616 1172 Plautus
639 1110 718 1170 hanc
740 1109 851 1171 duram
874 1118 1061 1170 structuram
1085 1107 1251 1170 admiserit.

392 1211 580 1274 Contradioit
601 1211 674 1273 huic
697 1211 819 1291 regulae

306 1321 347 1374 Pl.
375 1320 460 1375 Truc.
487 1320 547 1388 llll,
576 1321 605 1388 θ’,
635 1323 665 1375 ll
701 1316 783 1395 (777)
811 1320 902 1374 Etiam
924 1337 1011 1386 nune,
1042 1319 1109 1392 quid
1129 1321 1166 1374 sit
1187 1324 1288 1391 nepoti,
1311 1301 1396 1390 sulcus
1414 1321 1451 1373 in·

889 1429 1033 1493 certusque
1054 1439 1124 1489 sum,

809 1526 870 1580 Nisi
890 1527 956 1597 quio
977 1526 1058 1580 timeo
1087 1532 1178 1580 tamen
1201 1512 1401 1604 (n>epo(tium)
1421 1531 1449 1590 et,

891 1627 960 1697 quid
983 1627 1116 1696 peccaui,
1141 1627 1211 1681 scio.

296 1707 457 1807 'negotium
480 1732 508 1786 et
530 1723 673 1804 Spengel,
700 1743 752 1805 epo
774 1733 823 1787 net
844 1727 877 1803 B,
904 1743 957 1806 epo
979 1742 1033 1785 nec
1056 1723 1116 1784 (ΙΙ).
1158 1723 1345 1784 Sententiam
1369 1742 1397 1782 u.
1422 1722 1452 1780 l3

307 1825 438 1906 Spengel
461 1827 541 1886 hano
564 1844 633 1887 esse
657 1828 813 1888 existimat
836 1825 924 1887 »dicit
945 1825 1127 1886 Diniarchus
1157 1843 1190 1886 se
1217 1826 1324 1885 timere
1346 1834 1376 1885 et
1395 1824 1452 1884 cul-

305 1946 364 2008 pae
380 1929 537 1990 conscium
552 1947 650 1990 esse«
680 1929 741 1991 Sed
757 1927 940 1990 Diniarchus
963 1930 1066 2009 potius
1088 1928 1198 2006 culpae
1220 1927 1361 1988 conscius
1376 1935 1453 2004 atque
1519 1939 1520 2012 ᾗ

307 2040 467 2111 propterea
492 2032 523 2091 in
547 2032 655 2093 timore
677 2042 735 2093 est.
777 2033 940 2092 lnuersum
963 2031 1056 2112 igitur
1084 2031 1305 2092 sententiarum
1328 2029 1451 2090 ordinem

307 2143 413 2194 nostro
436 2135 502 2194 iure
525 2144 737 2213 expectemus.
777 2134 983 2195 Enitauerunt
1005 2135 1086 2195 hanc
1107 2133 1235 2214 quidem
1257 2131 1452 2194 difficultatem

307 2246 338 2298 et
361 2237 441 2313 Bria,
469 2237 522 2314 qui
545 2235 744 2298 scribendum
769 2237 912 2297 coniecit:

437 2340 505 2400 Nisi
527 2341 599 2420 quio
623 2341 707 2399 timeo
732 2347 830 2400 tomen
853 2358 915 2419 epo,
936 2333 1005 2424 (ne)
1029 2338 1102 2420 quid
1119 2340 1248 2420 peccaui
1270 2341 1356 2402 sciat.

308 2453 339 2502 77
353 2441 514 2521 Kiessling
537 2441 590 2520 qui
607 2443 709 2502 Brixia
732 2440 810 2502 duce
833 2442 916 2502 hunc
939 2459 1066 2503 uersum
1090 2441 1133 2502 sic
1155 2441 1320 2503 emendare
1343 2453 1454 2502 conatus

308 2554 368 2604 est:

438 2647 505 2706 Nisi
525 2647 598 2727 quio
620 2647 706 2707 timeo
730 2654 831 2708 tamen
854 2654 974 2727 79777777,
1002 2640 1070 2731 (aa)
1095 2646 1169 2728 qaid
1186 2649 1317 2726 peccaui
1335 2649 1415 2709 scint.

308 2747 370 2810 Sed
392 2746 518 2809 offendit
538 2750 662 2829 peccaui
685 2747 891 2826 indicatiuus;
918 2733 1022 2828 itaque
1038 2760 1092 2809 aut
1114 2750 1195 2828 quod
1216 2767 1272 2829 pro
1294 2750 1367 2831 quid
1387 2750 1455 2810 scn'-

307 2849 446 2913 bendum
475 2850 563 2931 (conl.
587 2869 680 2930 supra
703 2871 773 2932 pag.
793 2851 863 2931 253)
893 2862 947 2912 aut
964 2853 1119 2932 peccarim
1133 2853 1348 2914 coniunctiuus
1371 2853 1455 2912 corri-

307 2952 426 3035 gendus
449 2963 505 3014 est.
547 2954 708 3033 Temptaui
731 2973 758 3015 e.
785 2973 834 3034 g:

437 3043 507 3117 Nisi
529 3058 602 3137 quia
625 3059 710 3147 timeo
734 3064 831 3118 tomen
855 3064 976 3138 egomet,
996 3050 1130 3142 (quom),
1150 3057 1229 3140 qood
1247 3061 1381 3138 peccaui,
1406 3059 1455 3134 (uel

894 3159 967 3240 quid
983 3158 1147 3242 peccarant
1173 3162 1246 3222 soto.

394 3469 485 3529 Vtin
509 3466 625 3546 aliquot
650 3469 817 3528 enuntiatis
847 3469 969 3546 proprie
999 3469 1224 3548 interrogatiuis
1255 3471 1456 3532 coniunctium

308 3590 369 3632 non
392 3580 553 3650 propterea
570 3567 753 3649 ponebatur,
781 3569 865 3649 quod
887 3571 1083 3650 interrogatio
1105 3590 1145 3632 ex
1166 3572 1312 3650 primario
1335 3571 1455 3652 quodam

309 3675 467 3734 enuntiato
482 3671 648 3753 pendebat,
676 3672 731 3734 sed
753 3671 837 3752 quod
860 3675 927 3754 ipsa
949 3674 1111 3750 sententia,
1135 3692 1214 3752 quae
1237 3675 1456 3755 interrogatione

309 3777 491 3853 continetur,
522 3776 606 3835 hunc
629 3775 754 3837 modum
783 3775 947 3855 flagitabat,
980 3777 1020 3836 ita
1049 3775 1079 3834 in
1109 3776 1166 3837 hoc
1187 3795 1313 3857 quoque
1336 3781 1456 3839 interro-

308 3881 466 3958 gationum
489 3897 601 3957 genere
624 3879 734 3938 similis
756 3879 972 3940 coniunctiuus
995 3878 1181 3958 aliquotiens
1210 3881 1383 3957 inuenitur,
1413 3880 1455 3958 qui

309 3982 400 4043 etiam
417 3991 482 4042 tum
499 3981 599 4042 locum
616 3981 779 4042 habiturus
795 3991 887 4060 esset,
914 3966 970 4042 ubi
992 3982 1189 4060 interrogatio
1211 3969 1290 4043 nulli
1312 3983 1455 4044 enuntiato

307 4085 453 4165 primario
476 4082 640 4145 subiuncta
664 4093 747 4144 75577
800 4082 902 4163 Atque
