3086 5024
319 414 381 477 218
749 420 903 479 Eovnnnrs
926 419 1050 478 Beonan.

320 587 414 649 tetulit
442 586 642 650 indicatinum
670 589 821 652 editiones
851 591 1034 670 pleraeque,
1072 589 1142 650 libri
1171 589 1323 668 praebent
1351 591 1461 652 tetulen't

320 690 575 770 ooninnetinump
590 693 648 752 nisi
673 695 806 754 tetulerit
819 694 941 774 plenior
956 693 1052 754 lorma
1076 691 1235 754 retinenda
1250 701 1308 770 est,
1335 702 1364 753 et
1377 693 1406 751 in
1425 694 1461 753 eis

320 812 401 873 quae
435 804 582 856 secuntur
616 796 787 875 corruptela
821 796 911 875 latet,
949 815 1019 857 curn
1053 797 1133 856 Luca
1167 795 1344 856 Olcbinensi
1377 796 1463 857 tulerit

317 895 443 958 breuior
465 896 561 958 forma
584 899 786 978 supponenda
810 907 873 960 est:

404 1035 447 1094 Ne
470 1035 523 1094 iste
546 1034 608 1097 bau
630 1037 696 1115 soit,
722 1055 814 1116 quam
832 1035 1031 1098 condicionem
1046 1035 1168 1095 tulerit:
1195 1034 1241 1095 ibo
1257 1033 1300 1094 od
1316 1032 1460 1094 arbitrum.

364 1151 391 1233 2)
420 1159 503 1228 Epid.
532 1161 591 1215 449
622 1158 678 1231 (444,
707 1165 735 1230 4,
764 1160 812 1232 at)
1086 1159 1151 1214 Volo
1175 1166 1200 1213 te
1222 1157 1315 1213 uerbis
1334 1161 1462 1230 pauculis,

845 1263 879 1320 Si
901 1263 951 1319 tibi
978 1263 1126 1318 molestum
1153 1279 1209 1316 nou
1232 1269 1281 1316 est.
1301 1253 1313 1338 ))
1330 1261 1392 1317 Nou
1413 1261 1465 1316 ede-

1021 1365 1072 1438 pol
1093 1366 1163 1420 seio.

846 1471 992 1525 Molestum
1022 1485 1079 1523 uon
1104 1475 1158 1533 est,
1184 1467 1226 1522 m‘l
1247 1467 1274 1521 34
1297 1465 1383 1532 dieis,
1406 1467 1469 1538 quod

1024 1571 1105 1626 uelis.

319 1669 364 1726 sie
396 1668 547 1748 Geppert3
586 1668 723 1746 Mueller,
762 1669 816 1749 qui
855 1669 1050 1748 (Nachtraege
1085 1686 1140 1730 zur
1172 1667 1302 1746 plautin.
1342 1665 1470 1746 prosodie

317 1787 349 1847 p.
378 1767 448 1851 426)
477 1770 556 1831 bano
580 1771 739 1831 lectionem
763 1770 973 1833 commendat:

447 1873 514 1934 Non
536 1874 639 1954 edepol
661 1875 739 1952 scio,
767 1871 961 1938 Molestumne
984 1895 1024 1937 ou
1045 1895 1103 1936 uon
1126 1883 1183 1954 est,
1209 1875 1271 1935 uisi
1292 1872 1386 1950 dieis,
1410 1873 1471 1952 quid

860 1979 963 2054 uelis,

318 2097 388 2137 curn
412 2078 469 2138 hoo
491 2078 580 2139 modo
603 2081 870 2157 interrogationem
892 2100 932 2140 ex
955 2083 1021 2142 Nou
1043 2081 1147 2165 edepol
1161 2081 1221 2142 seio
1237 2078 1399 2139 enuntiato
1413 2078 1471 2157 pri-

320 2181 416 2241 mario
439 2179 575 2259 pendere
598 2191 755 2260 appareat,
783 2183 820 2244 344
843 2184 1074 2245 coniunctiuurn
1097 2181 1232 2244 seribere
1255 2179 1402 2241 debebat.
1445 2181 1471 2239 ln

283 2269 288 2276 x
320 2285 409 2345 Bsio
431 2283 541 2363 legitur
563 2285 612 2344 hio
634 2303 745 2346 uersus
773 2287 925 2346 Molestum
949 2305 1007 2348 uon
1036 2295 1080 2347 est
1105 2287 1168 2346 nisi
1193 2286 1266 2346 dicis
1294 2284 1372 2364 quid
1393 2283 1470 2356 uelim

319 2384 376 2446 sad
413 2405 484 2446 oum
515 2385 540 2448 Α
577 2397 655 2448 teste
693 2385 908 2450 Studemundo
944 2385 1105 2467 praebeat
1129 2383 1474 2450 MOLESTUMNECNE

319 2490 855 2568 SITNIKILDIGISQUODUELIS‚
875 2509 946 2552 oum
959 2490 1175 2552 Studemundo
1191 2489 1397 2552 scribendum
1408 2489 1468 2548 erit:

906 2610 972 2670 Non
995 2610 1097 2690 edepol
1117 2611 1189 2688 solo,

451 2710 605 2772 Molestum
627 2730 721 2773 necne
745 2713 793 2790 sit,
819 2713 879 2772 uisi
901 2712 986 2788 diois,
1013 2713 1086 2794 quid
1107 2714 1192 2774 uelis.

366 2845 393 2929 3)
420 2852 476 2907 Mil.
499 2855 557 2908 544
581 2847 623 2928 (ll,
644 2860 672 2922 6,
690 2853 739 2926 34)
762 2855 802 2910 Itu
815 2872 878 2909 sum
901 2863 1023 2923 coaetus,
1044 2855 1275 2928 Peripleeomeue,
1297 2863 1331 2910 ut
1349 2855 1473 2920 nesciam,

762 2947 1474 3039 Vtrumme<em)postularetecumaequomstpm'us‚

761 3059 819 3128 An,
851 3062 877 3115 34
904 3062 991 3115 istaec
1020 3077 1080 3114 nou
1104 3067 1145 3115 est
1174 3060 1255 3129 bueo,
1298 3076 1392 3132 meque
1420 3059 1477 3112 bueo

937 3164 1029 3218 uisost
1050 3162 1127 3228 mitt,

761 3265 804 3320 Me
827 3267 998 3338 empuripore
1020 3265 1088 3320 loeo
1110 3265 1160 3320 4444
1181 3265 1300 3320 uidetur
1325 3268 1451 3338 aequius.

319 3361 380 3420 545
406 3380 499 3441 aequo
522 3365 561 3422 344
578 3364 629 3439 Ba,
656 3381 780 3440 aequom
803 3364 843 3424 344
858 3361 912 3439 Bb,
941 3370 1098 3442 aequumst
1112 3363 1173 3440 (ll),
1200 3380 1332 3442 aequom
1356 3364 1410 3423 siet
1425 3362 1479 3422 Ca-

320 3464 486 3540 merarius;
510 3466 607 3543 prius,
634 3470 715 3542 quod
739 3465 769 3524 in
794 3464 883 3525 libris
905 3474 977 3525 ante
1001 3473 1095 3525 temam
1111 3466 1260 3544 seriptum
1276 3474 1339 3543 est,
1368 3464 1479 3525 delebat

320 3569 403 3644 Reiz,
436 3567 467 3626 in
491 3568 550 3626 fine
579 3585 691 3628 uersus
722 3568 824 3646 posuit
846 3564 988 3646 Pyladesss
1005 3566 1067 3627 547
1095 3567 1216 3628 uidetur
1230 3551 1323 3646 libri,
1352 3567 1481 3628 uideatur

321 3670 524 3730 Camerarius.
566 3671 644 3730 Cum
661 3672 682 3728 B
699 3689 826 3750 aequom
842 3671 882 3730 344
901 3670 963 3744 (uel
981 3688 1105 3750 aequom
1121 3670 1186 3752 3444)
1213 3670 1382 3730 lectionem
1405 3687 1480 3729 com-

320 3771 455 3850 mendet,
475 3774 529 3833 uix
545 3771 677 3833 dubium
693 3783 749 3851 est,
778 3773 853 3852 quin
869 3772 1036 3834 Ritsobelio
1060 3773 1178 3851 saltem,
1205 3773 1260 3851 qui
1283 3791 1402 3834 uersus
1418 3773 1478 3831 546.

322 3873 382 3934 547
405 3875 516 3955 (quiin
534 3875 620 3935 libris
637 3877 682 3936 sio
697 3876 760 3935 lere
776 3875 942 3953 traduntur
956 3876 1025 3937 Nisi
1040 3876 1144 3936 istaec.
1164 3873 1233 3956 (istu
1257 3875 1312 3936 beo
1338 3878 1391 3954 Ba,
1418 3877 1480 3936 istae

321 3977 355 4053 4))
375 3996 433 4037 ooo
456 3985 499 4038 est
514 3977 588 4038 liaeo
602 3997 696 4058 neque
712 3981 801 4039 utust
823 3977 898 4038 mitt
911 3980 957 4038 Me
979 3977 1058 4058 (Meo
1074 3977 1124 4058 Ba)
1146 3997 1330 4058 empurpore
1354 3980 1427 4040 boec
1441 3977 1483 4037 4444

321 4079 445 4139 uidetur
468 4080 602 4161 aequius)
631 4101 670 4141 ex
692 4081 824 4141 nesciam
847 4081 1009 4141 enuntiato
1040 4081 1186 4160 primario
1215 4079 1360 4159 pendere
1389 4080 1479 4156 uellet,

322 4190 404 4242 totus
430 4181 515 4241 locus
539 4183 583 4243 sio
605 4183 668 4243 iere
692 4182 905 4244 emendandus
929 4183 1038 4243 fuerit:
1118 4211 1121 4215 ·
