3126 5028
334 447 375 508 86
724 448 896 505 Labroanrs
920 447 1101 504 lianunanr.

336 628 429 680 extat.
471 619 533 678 Gur
556 635 631 677 uero
654 616 797 676 Dziaizko
819 623 976 695 praeterea
1006 625 1118 676 uersus
1146 613 1208 674 337
1232 632 1280 693 sq.
1306 624 1338 675 et
1361 615 1422 672 360
1446 631 1490 691 sq.

335 721 486 795 attulerit,
519 737 645 797 prorsus
677 731 740 778 noo
768 717 871 795 uideo,
904 736 974 778 cum
997 717 1037 780 ad
1059 719 1192 796 priorem
1215 717 1339 779 Charini
1362 731 1492 776 amorem

335 825 367 884 bi
397 823 522 883 minime
558 822 742 902 pertineant.
788 820 878 893 Quod
905 832 996 900 porro
1026 819 1217 882 Woelfflinus
1227 817 1247 895 ¹)
1287 818 1490 895 elucubrauil,

334 928 437 1006 ipsum
461 924 585 986 fabulae
607 937 719 985 nomen
742 921 907 1002 postulare,
933 933 969 985 ut
989 924 1163 985 accuratius
1179 921 1218 984 de
1234 930 1405 984 mercatura
1421 940 1494 1000 age—

335 1038 429 1105 retur,
455 1028 591 1107 primum
614 1039 736 1088 ueteres
750 1036 858 1106 poetae
874 1027 982 1087 comici
995 1027 1028 1088 in
1042 1024 1192 1104 eligendis
1207 1025 1384 1087 fabularum
1400 1026 1494 1086 titulis

335 1141 397 1192 lam
420 1130 593 1207 scrupulosi
616 1131 740 1190 omnino
767 1148 830 1190 non
858 1138 960 1208 erant,
993 1138 1059 1189 tum
1089 1130 1208 1190 etiamsi
1238 1137 1320 1188 totus
1350 1127 1494 1208 prologus

334 1234 439 1294 Plauto
459 1231 657 1308 adscribitur,
684 1231 827 1292 undecim
850 1231 996 1294 uersibus
1011 1231 1052 1298 de
1068 1240 1239 1294 mercatura
1263 1232 1374 1311 agitur,
1401 1228 1494 1290 deni-

335 1355 396 1415 que
418 1354 530 1396 nomen
553 1334 677 1396 fabulae
701 1334 773 1396 inde
795 1344 956 1413 sumptum
980 1345 1037 1413 est,
1064 1333 1180 1414 quode
1203 1343 1375 1396 mercatore
1398 1342 1494 1395 lotum

336 1447 550 1518 argumentum
581 1436 704 1517 pendet.
745 1439 903 1500 Praeterea
926 1438 1080 1515 liziatzko,
1113 1456 1185 1499 cum
1214 1437 1359 1499 nonnulla
1387 1437 1421 1497 in
1448 1436 1494 1496 his

335 1541 480 1604 uersibus
510 1541 621 1617 insint,
654 1558 734 1619 quae
763 1539 803 1602 e'd
832 1541 962 1602 Graecos
992 1558 1092 1601 mores
1122 1539 1313 1623 pertineam,
1346 1553 1494 1620 apparere

335 1653 439 1723 putet,
472 1643 612 1704 Plautum
643 1662 695 1703 eos
724 1663 784 1705 non
807 1643 974 1706 admodum
998 1651 1131 1704 mutatos
1153 1662 1193 1704 ex
1215 1641 1332 1703 Graeco
1353 1642 1496 1720 exemplo

334 1746 546 1820 transtulisaer
580 1745 620 1808 ed
649 1746 705 1806 boc
727 1749 802 1810 satis
832 1759 880 1808 est
909 1746 1114 1827 respondisse,
1147 1764 1208 1806 555
1231 1744 1331 1806 solum
1353 1745 1494 1806 Plautum

333 1863 440 1930 graeco
471 1849 563 1909 latine
591 1849 785 1926 interpretari
813 1852 951 1929 potuisse
978 1848 1035 1910 sed
1066 1850 1180 1930 pariter
1201 1846 1373 1927 quemlibet
1393 1849 1494 1908 inter-

332 1953 510 2032 polam-em.

420 2053 482 2116 Sed
504 2052 642 2115 nondum
672 2055 752 2114 hane
781 2053 898 2133 prologi
928 2065 1046 2132 partem
1076 2054 1291 2133 derelinquere
1313 2065 1492 2131 possumus,

332 2159 511 2236 priusquam
540 2174 637 2235 pauca
661 2155 699 2219 de
722 2158 874 2236 corruptis
896 2175 944 2218 us.
972 2159 1098 2217 iii-60
1122 2156 1214 2218 locuti
1237 2157 1347 2216 simus»
1379 2155 1494 2218 Eorum

330 2269 434 2322 autem
457 2258 533 2320 ordo
556 2260 587 2319 in
611 2257 768 2321 codicibus
791 2259 817 2320 is
838 2269 896 2337 est,
921 2269 959 2322 ut
978 2259 1127 2337 deinceps
1142 2259 1283 2338 legentur
1296 2277 1345 2320 us.
1367 2261 1418 2319 lb.
1439 2259 1490 2320 50.

330 2363 382 2423 bt.
410 2362 463 2422 59.
489 2364 541 2422 60.
567 2361 619 2422 57.
646 2362 697 2422 58.
725 2360 863 2423 li—ts.
882 2362 1020 2441 bri-altu,
1039 2363 1064 2423 si
1083 2362 1240 2422 bitsobelii
1255 2381 1401 2424 numeros
1416 2364 1496 2424 reti-

330 2483 459 2543 nemus,
485 2483 578 2544 quem
602 2465 789 2526 hieracium
812 2465 951 2526 ordinem
981 2465 1152 2526 restituisse
1173 2483 1275 2541 noma
1301 2473 1400 2544 pulo,
1413 2477 1495 2526 con-

331 2567 453 2646 tendet,
487 2569 607 2630 etiamsi
635 2567 712 2628 tales
734 2568 817 2629 locos
839 2566 1054 2630 audacissimis
1082 2565 1225 2628 remediis
1245 2567 1403 2630 sanandas
1425 2587 1495 2630 esse

331 2669 525 2732 concedatur.
566 2671 790 2732 Discernuntur
812 2672 904 2748 enim,
931 2668 964 2731 id
984 2669 1070 2749 quod
1093 2669 1293 2730 Bitschelium
1316 2671 1404 2750 iugit,
1432 2682 1495 2734 tres

331 2772 413 2834 modi
435 2772 632 2853 obiurgandi:
657 2792 729 2834 nam
752 2771 843 2834 mode
867 2772 1034 2834 domestico
1056 2791 1197 2851 sermone
1219 2782 1308 2852 pater
1330 2773 1427 2856 filium
1453 2777 1493 2835 ita

329 2877 494 2956 uituperat,
518 2886 554 2938 ut
575 2894 681 2936 omnes
705 2875 869 2936 familiares
885 2875 992 2937 audire
1016 2876 1135 2954 possint
1159 2875 1220 2956 (us,
1241 2876 1379 2954 iii-bi,
1407 2878 1493 2936 54-

330 2977 380 3055 79,
407 2978 445 3038 ci.
469 2979 510 3038 59
534 2987 647 3039 sommo
672 2978 743 3040 boec
765 2980 922 3055 clamore),
948 2977 1040 3038 modo
1063 2985 1208 3040 mussans
1234 2981 1293 3052 (rr-s».
1314 2978 1364 3058 59)
1391 2978 1434 3040 de
1456 2997 1493 3040 ao

330 3082 469 3158 queritur
486 3080 531 3160 (ei.
551 3101 600 3142 us.
620 3081 672 3141 55.
693 3080 758 3161 55),
776 3081 869 3143 modo
884 3100 956 3141 eum
971 3093 1028 3160 per
1042 3090 1136 3141 totam
1153 3079 1263 3142 urbem
1280 3080 1419 3142 diffamat
1437 3083 1447 3162 (
1483 3130 1490 3143 .

328 3203 378 3244 us.
401 3181 478 3264 [fib]
498 3182 549 3244 57.
570 3183 637 3260 58).
677 3185 710 3245 si
725 3203 799 3245 uero
814 3185 910 3264 patris
932 3182 1098 3263 opprobrie
1113 3185 1155 3243 ite
1175 3182 1308 3244 discreta
1332 3203 1401 3245 esse
1425 3187 1492 3246 ueri

330 3285 429 3346 simile
457 3296 521 3364 est,
555 3288 629 3364 quin
662 3305 707 3346 us.
735 3287 775 3345 55
800 3296 830 3347 et
852 3287 892 3345 56
921 3303 973 3346 eas
994 3297 1045 3346 res
1073 3287 1263 3364 contineant,
1296 3297 1377 3366 quas
1405 3299 1494 3366 pater

330 3406 471 3448 mussans
494 3387 616 3465 dixerit,
640 3389 779 3450 dubitari
801 3390 854 3450 uix
876 3398 987 3468 potest.
1028 3388 1186 3448 Praeterea
1214 3389 1245 3448 in
1268 3389 1398 3451 lectione
1421 3392 1492 3452 Rit-

329 3491 483 3551 scheliena
506 3490 647 3570 displicet
668 3492 856 3570 quinquiens
879 3493 1042 3552 transitum
1065 3492 1131 3552 lieri
1154 3488 1195 3552 ab
1215 3492 1352 3556 oratione
1374 3491 1490 3553 directa

328 3592 367 3653 od
397 3595 564 3654 orationem
593 3591 751 3672 obliquam
781 3594 832 3654 uel
862 3595 999 3655 uicissim
1027 3593 1075 3668 (oi.
1101 3611 1149 3654 us.
1183 3593 1321 3672 ili-ii,
1349 3596 1488 3674 tlt-50,

328 3695 465 3773 50-54,
485 3695 623 3774 sti-57,
642 3697 780 3777 bb—dl)
795 3715 802 3768 ;
829 3709 887 3756 nec
908 3697 1004 3776 magis
1019 3694 1217 3774 probandum
1229 3706 1280 3756 est
1292 3717 1348 3758 eos
1364 3717 1488 3777 uersus,

327 3797 443 3876 quibus
472 3808 559 3877 paler
587 3817 676 3860 suam
707 3800 789 3860 ailae
812 3800 960 3859 rationem
985 3818 1055 3859 oum
1084 3798 1145 3859 lilio
1173 3809 1329 3878 comperet
1363 3799 1422 3882 (us.
1451 3803 1492 3864 52

329 3899 410 3959 -54
427 3909 458 3960 el
474 3900 609 3981 iil-79)
638 3903 743 3980 etqui
765 3902 918 3968 artissime
940 3905 1022 3964 inter
1044 3920 1077 3962 se
1100 3901 1292 3979 cohaereant,
1316 3903 1389 3964 aliis
1412 3923 1492 3966 uer-

327 4001 414 4064 sibus
442 4004 607 4064 interiectis
637 4003 748 4064 dirimi.
789 4006 950 4066 Maximam
979 4006 1091 4068 borum
1118 4005 1338 4086 scrupulorum
1368 4017 1493 4088 partem

398 4231 421 4291 tt
441 4225 610 4276 Woelfflinus
629 4229 700 4294 apud
720 4227 911 4278 Dzielzkoncm
929 4228 947 4278 l.
967 4229 984 4277 l.
1006 4243 1031 4293 p.
1053 4231 1112 4278 ist.
