3116 5020
333 546 526 625 interrogatio
542 563 581 606 ex
598 545 694 606 audio
717 544 857 623 pendens
880 546 1023 626 pertinet,
1049 545 1158 610 audire
1177 549 1284 626 possit.
1326 548 1419 619 Quare
1433 549 1473 625 qui
1529 561 1530 594 t

332 649 498 727 interrogat
520 647 647 725 audini,
674 665 735 708 non
759 649 904 728 postulat,
931 657 966 710 ut
988 648 1049 710 sibi
1078 649 1313 728 respondeatur,
1340 650 1408 728 quia
1426 668 1474 710 non

333 749 465 828 dubitat,
493 751 568 830 quin
592 767 671 829 quae
695 750 761 828 ipse
776 748 920 829 audierit,
947 751 1024 812 alter
1039 770 1172 832 quoque,
1199 771 1294 832 quem
1316 753 1472 831 alloquitur,
1529 755 1530 816 ἰ

333 851 498 916 auditurus
515 854 564 914 sit.
591 853 666 912 ltem
682 854 876 917 enuntiatum
894 846 1123 933 secundellum,
1143 854 1226 934 quod
1249 875 1288 916 ex
1305 854 1395 916 aridio
1409 873 1476 932 peo-

334 955 397 1034 det,
418 975 478 1015 non
495 965 558 1016 tam
571 973 614 1016 ,ex
630 953 743 1033 studio,
763 955 841 1035 quid
856 957 966 1018 tertius
981 957 1033 1023 ille
1048 955 1170 1034 dixerit,
1190 956 1394 1038 cognoscendi
1413 975 1476 1035 pro-
1529 983 1530 1022 r

333 1059 490 1136 ficiscitur,
517 1077 611 1138 quarn
629 1058 779 1124 exanimi
801 1057 936 1138 quedam
960 1059 1072 1126 affectu
1094 1060 1176 1122 illius
1200 1060 1308 1124 uerbis
1331 1070 1474 1136 commoto,
1529 1073 1530 1100 l

333 1163 384 1225 uel
415 1161 624 1241 indignatione
654 1159 704 1226 uel
735 1169 861 1240 stupore
885 1171 916 1223 et
942 1161 1162 1239 admiratione3
1195 1181 1258 1223 non
1286 1163 1382 1225 multo
1402 1180 1477 1225 secus
1529 1219 1530 1232 ,

333 1285 369 1326 ac
397 1265 422 1325 si
452 1264 540 1344 quis,
567 1263 620 1342 qui
644 1280 724 1341 quae
746 1264 855 1326 tertius
882 1264 996 1344 aliquis
1021 1264 1117 1342 dixit,
1150 1265 1285 1343 audiuit,
1314 1274 1415 1326 tamen
1434 1265 1479 1323 in·
1529 1239 1530 1316 1

333 1367 505 1446 dignatione
528 1367 577 1427 uel
600 1364 802 1427 admiratione
825 1366 954 1432 affectus
977 1368 1112 1430 oratione
1135 1377 1217 1430 recta
1240 1368 1371 1430 alterum
1392 1369 1479 1428 inter-

332 1478 432 1551 rogat:
459 1469 532 1551 quid
547 1468 594 1530 ln'c
617 1470 693 1546 or'tl,
720 1468 807 1530 uelut
821 1468 918 1530 Andr.
940 1471 1017 1531 ⁴83:
1047 1472 1207 1549 Carcasone
1230 1489 1307 1551 quoe
1330 1471 1478 1552 equitari,
1529 1531 1530 1548 ,

333 1575 410 1635 lta:
438 1573 510 1656 quid
532 1571 628 1632 dicit?
657 1571 763 1650 ltaque
786 1591 846 1632 non
862 1591 956 1634 uerae
972 1573 1216 1653 interrogationis
1231 1581 1341 1636 natura
1364 1581 1481 1635 utuntur

332 1677 407 1738 haec
429 1676 599 1752 enuntiata,
626 1672 681 1734 sed
705 1684 780 1736 sunt
801 1675 1039 1736 exclamationes
1067 1677 1341 1756 interrogationum
1365 1675 1481 1738 forman

330 1777 467 1840 indutae.
1529 1777 1530 1860 1

417 1879 446 1962 21
473 1879 669 1960 Interrogatio
685 1878 800 1957 pendet
814 1897 854 1940 ex
869 1879 970 1958 uiden,
997 1879 1118 1956 uidetur,
1145 1899 1191 1942 em
1209 1880 1365 1960 primariis
1388 1897 1483 1942 enun-

328 1985 427 2046 tiatis:
938 2030 942 2038 .

416 2089 455 2148 Vt
477 2086 580 2163 audeo,
608 2086 649 2146 ita
672 2083 762 2146 uiden
777 2101 901 2164 quoque
917 2085 948 2144 in
965 2085 1041 2145 satis
1063 2103 1172 2164 magno
1190 2085 1405 2164 exemplorum
1428 2103 1483 2144 nu·
1529 2103 1530 2132 t

330 2208 414 2250 mero
436 2208 498 2250 non
516 2206 589 2250 uere
605 2186 799 2266 interrogatio
816 2195 873 2266 est,
900 2185 954 2248 sed
971 2185 1034 2248 lere
1054 2187 1228 2268 imperatiui
1244 2189 1346 2250 locum
1362 2187 1480 2263 obtinet,

330 2291 362 2354 id
385 2290 468 2371 quod
493 2293 523 2352 in
547 2289 636 2356 uiden
660 2289 818 2350 enuntiato
840 2289 898 2350 hoc
914 2290 1054 2368 grauiore
1076 2299 1257 2369 argumento
1279 2291 1480 2366 confirmatur,

329 2394 414 2474 quod
435 2404 466 2454 et
488 2393 580 2455 uideo
602 2400 633 2452 et
656 2391 724 2457 aide
746 2390 861 2454 formae
885 2392 916 2454 in
940 2391 988 2453 his
1003 2393 1169 2453 enuntiatis
1185 2394 1253 2454 sine
1275 2392 1338 2453 ullo
1361 2401 1484 2454 senten-

328 2500 388 2558 tiae
404 2495 582 2558 discrimine
605 2502 806 2574 usurpantur.
848 2494 999 2573 Compara
1015 2495 1109 2556 Stich.
1131 2495 1210 2560 lto:
1241 2496 1349 2569 Videte,
1370 2513 1482 2576 quaero,

328 2600 404 2684 quid
421 2607 517 2681 potest
536 2599 687 2680 pecunie,
720 2606 751 2658 et
772 2595 858 2658 Asin.
887 2599 964 2661 636:
998 2597 1128 2674 Vr'detirr,
1154 2598 1264 2678 uiginti
1290 2599 1394 2660 minae
1421 2597 1487 2677 quid

324 2703 447 2783 pollent,
474 2703 584 2783 quidue
603 2700 767 2784 porruat?;
793 2700 883 2761 Cure.
904 2700 984 2761 3ll:
1017 2699 1096 2777 Vide,
1123 2707 1156 2761 ut
1171 2700 1333 2780 repetiuit,
1359 2709 1392 2762 et
1406 2702 1483 2762 Most

329 2803 426 2870 trra:
462 2804 571 2877 Video,
602 2810 637 2864 ut
664 2809 745 2864 astat
765 2799 941 2882 fur·cr'fcr?,·
972 2803 1091 2868 Phorm.
1122 2803 1202 2864 358:
1233 2803 1319 2880 uide,
1353 2802 1488 2866 auaritia

327 2907 399 2989 quid
419 2906 505 2988 fecit,
532 2914 562 2967 et
583 2906 663 2968 Eun.
691 2905 769 2966 265:
802 2905 909 2977 Video.
943 2906 1035 2966 otium
1063 2914 1091 2967 ct
1113 2905 1196 2968 cibus
1218 2905 1393 2988 quidforet
1413 2905 1488 2968 elr'e-

326 3011 424 3071 naal:
449 3007 592 3069 dubitare
615 3008 736 3087 nequis,
763 3008 838 3085 quin
862 3007 956 3087 prisci
971 3008 1135 3088 scriptores
1151 3016 1285 3087 utraque
1300 3007 1402 3070 forma
1418 3025 1488 3086 pro-

326 3112 443 3174 miscue
465 3113 515 3172 usi
538 3112 610 3174 sint.
645 3112 751 3190 ltaque
773 3111 864 3172 uideo
886 3111 1081 3173 enuntiatum
1105 3129 1164 3171 non
1187 3120 1251 3172 tem
1275 3129 1368 3174 uerae
1393 3112 1487 3170 inter-

327 3214 490 3294 rogationis
513 3214 581 3275 uioe
604 3212 752 3295 fungitur,
780 3231 874 3292 quam
897 3211 1118 3275 adhortationis
1140 3213 1329 3282 uocabulum
1351 3222 1413 3291 est,
1433 3230 1488 3291 qno

335 375 397 435 272
759 375 915 436 Envuunrs
939 377 1063 436 Bacunu.

326 3317 453 3384 alterius
476 3317 558 3383 oculi
580 3315 620 3378 ad
642 3335 709 3377 rem
731 3316 781 3377 uel
805 3314 987 3396 personam,
1021 3314 1143 3395 deque
1167 3315 1263 3378 uerba
1288 3316 1385 3392 fiunt,
1414 3333 1486 3378 con-

326 3417 516 3498 spiciendam
540 3417 751 3480 aduertantur.
797 3417 887 3478 Viden
909 3417 1011 3496 igitur,
1038 3436 1099 3496 quo
1123 3419 1235 3478 omisso
1260 3419 1417 3484 sententia
1441 3418 1487 3476 in·
1529 3423 1530 3494 1

324 3533 407 3602 tegra
423 3531 571 3600 remanet,
598 3520 729 3582 eandem
745 3519 810 3581 lere
826 3519 1076 3600 significationem
1092 3521 1123 3582 in
1139 3521 1186 3581 his
1203 3520 1355 3600 exemplis
1377 3520 1487 3586 habere
1529 3503 1530 3598 1

324 3624 458 3704 uidetur,
474 3644 569 3705 quam
586 3625 617 3684 in
634 3643 680 3685 em
701 3623 813 3705 (παπ),
829 3641 895 3684 ecce
911 3623 1082 3702 uocabulis,
1098 3641 1178 3702 quae
1194 3633 1226 3692 et
1241 3625 1309 3702 ipsa
1328 3625 1361 3687 in
1374 3623 1486 3684 eisdem
1529 3631 1530 3698 1

325 3729 485 3790 sententiis
508 3728 597 3790 uiden
619 3727 671 3789 uel
692 3726 762 3786 uide
777 3727 1007 3814 enuntiatorum
1023 3725 1130 3789 locum.
1141 3725 1292 3805 obtinent,
1318 3727 1382 3786 iam
1398 3727 1486 3786 Plau·
1529 3701 1530 3764 d

325 3833 388 3893 tina
411 3839 510 3893 aetate
532 3829 663 3891 infuisse
691 3837 819 3890 constat.
861 3830 922 3889 Nec
952 3847 1013 3889 non
1043 3829 1236 3890 enuntiatum
1268 3827 1486 3889 secundarium
1529 3859 1530 3890 l

324 3935 356 3994 in
386 3933 434 3994 his
464 3933 615 4012 exemplis
644 3931 888 4011 interrogationis
918 3930 1046 3992 formam
1071 3932 1167 3993 solam
1190 3931 1333 4012 praebet,
1362 3947 1487 3992 munere

325 4055 387 4098 non
410 4035 559 4115 fungitur,
587 4053 657 4100 cum
673 4052 794 4096 reuera
812 4032 875 4094 lere
899 4053 1022 4114 semper
1037 4052 1094 4114 pro
1109 4034 1333 4097 exclamatione
1348 4033 1486 4097 mirantis
1529 4027 1530 4068 l

323 4139 374 4200 uel
397 4136 584 4218 indignantis
606 4136 822 4216 accipiendum
846 4139 895 4215 sit,
923 4147 953 4198 et
975 4139 1001 4198 is
1024 4138 1077 4217 qui
1101 4138 1382 4216 interrogationem,
1412 4152 1488 4215 quae
