3086 5024
316 459 375 518 444
739 457 893 516 Envinnvs
917 459 1041 516 Beonan.

421 636 498 689 Trin.
529 638 585 689 473
615 627 647 707 (Ι,
677 640 705 696 2,
736 625 806 707 436)
824 623 1464 715 8040000003000(1400>090040430404400οΙ0,

821 735 897 803 Quid
921 735 974 790 luit
996 737 1122 810 officium
1144 753 1235 792 mcum
1257 756 1300 793 mo
1321 740 1423 810 fucere.

422 839 525 910 Amph.
553 843 613 896 767
643 839 687 908 (ΙΙ,
716 844 745 906 2,
773 832 821 914 76)
838 839 1003 906 Alcumena,
1041 856 1128 894 unum
1164 855 1266 910 rogere
1295 847 1324 896 te
1354 843 1429 896 uolo.
1446 835 1457 918 (Ι

900 939 1016 1007 Quiduis
1037 959 1117 1013 royo.
1135 934 1148 1019 Ι(
1163 944 1239 999 Num
1263 943 1314 999 ubi
1334 952 1386 999 out
1405 947 1469 999 siul-

898 1045 959 1100 titia
981 1035 1101 1101 accessit
1123 1053 1174 1100 out
1195 1051 1314 1116 superat
1335 1048 1468 1120 superbia.

316 1150 489 1220 Pomponius
517 1149 705 1204 Bononiensis
739 1146 833 1216 (uibb.
867 1147 947 1202 Gom.
981 1164 1010 1217 p.
1039 1151 1118 1214 263,
1149 1147 1217 1220 462)
1244 1151 1315 1205 Volo
1343 1151 1417 1205 scire
1438 1167 1468 1204 ex

899 1255 938 1317 le,
957 1266 1010 1306 cur
1020 1249 1145 1306 urbanos
1157 1268 1200 1307 res
1212 1251 1336 1308 desubito
1353 1253 1467 1308 deseris.

881 1346 911 1428 o

404 1454 477 1512 Foc
499 1453 628 1527 scium,
654 1452 720 1530 sco
742 1468 793 1510 ma
816 1458 960 1511 carlum
983 1449 1034 1511 uel
1056 1452 1266 1512 conscium:

316 1562 405 1617 Plauti
424 1561 501 1615 Trin.
531 1563 589 1616 476
619 1551 650 1634 (Ι,
679 1564 708 1626 2,
738 1551 807 1633 437)
846 1559 890 1613 fac
919 1553 1059 1629 sciam1),
1097 1560 1199 1614 Vtrum
1231 1560 1355 1615 iudicare
1385 1578 1426 1616 nro
1452 1564 1474 1615 ei

901 1662 1081 1716 thensaurum
1103 1678 1221 1733 aequom
1243 1662 1305 1717 luit.

425 1767 499 1822 Men.
529 1771 588 1822 896
618 1757 660 1840 (ΙΙ,
690 1768 717 1831 6,
746 1765 775 1833 2)
844 1765 919 1818 Num
943 1764 1082 1819 lomolust
1105 1767 1293 1839 otltcom'tus,
1318 1765 1470 1820 lacsciarn.

424 1871 508 1925 Cure.
538 1870 597 1926 647
626 1867 667 1938 (V,
697 1873 725 1934 2,
756 1865 803 1938 49)
841 1865 912 1935 Quis
947 1865 997 1921 4464
1033 1867 1104 1920 huno
1140 1867 1219 1922 dedit
1251 1871 1402 1940 mancupio
1431 1875 1473 1922 aul

904 1969 981 2025 unde
1005 1971 1108 2037 emisti,
1135 1969 1180 2026 iao
1203 1971 1301 2024 sciam.

424 2075 528 2130 Pseud.
557 2079 615 2130 696
646 2072 689 2144 (ΙΙ,
718 2077 747 2140 6,
775 2073 803 2148 3)
839 2073 1019 2129 Commemiui
1047 2077 1156 2140 omnic,
1189 2073 1219 2127 id
1247 2079 1277 2127 lu
1304 2075 1406 2140 modo,
1438 2089 1475 2128 me
1535 2061 1536 2138 7

902 2176 972 2245 quid
995 2174 1040 2230 uis
1060 2175 1164 2247 facere,
1189 2176 1233 2230 lac
1255 2175 1355 2230 sciam.

427 2281 485 2336 lllil.
512 2282 573 2336 277
601 2272 645 2354 (ΙΙ,
674 2285 702 2347 3,
731 2279 759 2351 6)
828 2275 915 2349 'Quid
938 2281 995 2334 iam
1017 2283 1067 2333 aul
1088 2279 1158 2348 quid
1180 2267 1266 2358 (hoc)
1288 2282 1421 2348 noyoiisl,
1440 2279 1477 2333 lac

905 2383 1004 2438 sciam.

428 2486 501 2540 Rud.
525 2490 603 2542 4023
626 2483 696 2555 (ΙΙΙΙ,
722 2489 750 2552 3,
780 2477 827 2560 86]
854 2484 917 2552 Quo
941 2491 1103 2556 oryumcnlo
1125 2485 1217 2538 socius
1232 2499 1288 2539 uon
1310 2499 1378 2538 sum
1394 2489 1423 2540 et
1435 2484 1479 2555 sur

906 2603 980 2654 sum,
1007 2586 1122 2642 lacdum
1145 2602 1181 2642 eu
1204 2594 1230 2642 to
1251 2587 1350 2642 sciam.

429 2693 512 2746 Cure.
543 2695 601 2747 646
631 2686 687 2766 (ΙΙΙ,
718 2689 766 2761 ll)
841 2687 1004 2758 Summano,
1030 2689 1118 2744 solue.
1145 2690 1194 2759 qui
1220 2687 1413 2759 Summanus,
1439 2690 1478 2744 lac

905 2792 1003 2870 sciam.

405 2891 438 2951 ln
460 2890 512 2971 soc
534 2892 627 2951 scium
651 2890 781 2951 formula
798 2891 892 2950 sciam
907 2889 1134 2965 coniunctiuus,
1154 2907 1193 2948 ex
1209 2907 1271 2967 quo
1287 2890 1480 2970 interrogatio

318 2994 444 3074 pendet,
470 2992 661 3054 assimilandi
684 2995 748 3054 uim
771 2993 883 3070 amisit,
910 3001 1003 3070 alque
1025 2988 1077 3068 suo
1100 2991 1194 3052 scium
1213 2990 1311 3052 uerba
1334 2993 1367 3052 in
1391 3012 1479 3054 unani
1533 3053 1534 3070 ,

320 3097 383 3157 iere
405 3098 560 3157 notionem
583 3095 732 3157 coaluisse
755 3097 893 3175 merique
916 3094 1091 3174 imperaliui
1106 3093 1205 3154 locum
1229 3092 1379 3157 uidentur
1402 3096 1481 3174 obli-
1533 3159 1534 3172 ,

321 3201 436 3261 nuisse.

428 3306 532 3362 Pseud.
563 3312 598 3362 l8
628 3300 659 3382 (l,
690 3311 716 3374 Ι,
748 3300 795 3380 46)
835 3307 910 3362 idom
932 3309 1195 3362 animusnunceu.
1214 3297 1327 3381 llF³⁰²l
1358 3323 1406 3362 me
1422 3323 1482 3361 cer-

908 3415 980 3478 lum,
1006 3410 1077 3480 quid
1100 3407 1185 3464 tibist.

430 3513 497 3567 Cisl.
525 3512 560 3580 ΙΙ,
589 3517 617 3578 3,
648 3513 685 3566 46
840 3513 894 3566 Fac
917 3528 963 3567 me
986 3513 1146 3579 consciam,
1180 3509 1254 3579 Quid
1276 3527 1352 3567 nuuc
1374 3514 1420 3568 uis
1440 3513 1482 3585 (0-

905 3630 965 3668 cere
994 3631 1045 3669 me.
1064 3604 1076 3689 Ι(
1092 3615 1169 3668 latro
1199 3611 1246 3667 obi
1278 3621 1365 3686 atque
1396 3615 1482 3671 auimo

908 3711 1015 3772 bouo's.

407 3813 529 3886 Quibus
551 3813 702 3891 exemplis
724 3811 869 3872 omnibus
892 3812 989 3874 addas
1012 3832 1111 3873 unum
1136 3813 1208 3872 hoc:

430 3923 492 3977 Cas.
520 3922 554 3988 ΙΙ,
583 3926 611 3991 Ι,
642 3926 677 3977 40
707 3914 789 3997 (486)
819 3917 875 3976 Sed
908 3927 1005 3976 ulrum
1043 3937 1116 3976 nuuc
1149 3928 1180 3975 tu
1209 3920 1343 3976 coelibem
1376 3930 1402 3976 40
1432 3935 1481 3975 esse

891 4026 983 4080 mauis
1007 4023 1120 4080 lidorum

395 4157 417 4215 4(
434 4145 490 4204 'Fac
507 4155 527 4213 Α
546 4159 573 4205 04
592 4156 738 4215 Hermann,
758 4157 824 4206 Foco
842 4157 933 4206 celeri.
955 4155 989 4206 cl.
1010 4170 1036 4221 p.
1058 4159 1106 4204 427
1126 4155 1187 4205 adn.
1209 4159 1232 4204 3.
1287 4196 1290 4204 ,

394 4242 418 4300 2)
440 4241 491 4290 Fac
510 4240 578 4300 libri,
600 4242 666 4293 Foco
683 4243 847 4292 Fleckeisen.
