3176 5028
304 433 343 492 10
744 429 894 494 dversrvs
917 435 1020 494 chns.

299 603 439 664 dierunt:
468 603 556 664 uelut
578 622 634 684 pro
655 622 701 682 eo,
729 601 883 682 quod'est
906 606 937 664 in
962 603 1041 664 libro
1063 605 1099 664 F:
1122 604 1186 663 Vr'ri
1201 602 1270 663 boni
1283 610 1327 662 eat
1348 602 1464 662 nescire

299 707 444 767 detortum
465 705 579 786 faeere,
606 706 798 768 Woelfflinus
819 703 935 768 edidit:

464 828 496 870 u.
523 809 578 868 654
611 809 673 870 Viri
695 809 765 870 boni
786 817 830 870 ert
848 809 965 870 nescire
986 807 1179 870 iaidrr'dm
1199 807 1293 886 poti.

298 911 390 990 uulgo
413 909 622 974 scribebatur:
658 911 774 972 andra
801 911 906 992 fucere
934 909 1097 986 abritrium
1129 917 1224 988 atque
1253 903 1332 970 haue
1354 918 1462 970 muto·-

298 1015 412 1076 tiouem
435 1014 552 1076 nullam
574 1033 645 1076 esse
668 1012 740 1075 inde
763 1022 901 1093 apparet,
928 1013 1013 1094 quod
1035 1015 1066 1074 in
1089 1013 1159 1074 aliis
1174 1029 1298 1092 quoque
1315 1012 1463 1074 uersibus

299 1116 404 1177 multis
426 1115 524 1178 uerba
549 1117 672 1178 inuerso
700 1115 808 1178 ordine
838 1115 1038 1179 deseribendi
1062 1115 1207 1177 librarius
1236 1115 1304 1177 eod.
1330 1116 1461 1194 Frising.

299 1219 409 1279 insano
441 1217 579 1297 quodam
610 1237 713 1280 amore
747 1227 856 1296 eaptus
890 1219 986 1281 fuisse
1021 1218 1157 1280 uidetur.
1198 1219 1327 1282 Censuit
1358 1227 1463 1279 autern

301 1321 496 1384 Woelfflinus
531 1320 579 1402 (ei.
611 1340 643 1401 p.
669 1321 709 1382 57
737 1321 803 1402 ed.)
835 1321 986 1384 eiusmodi
1016 1323 1199 1383 sententiam
1230 1321 1394 1382 abhorrere
1423 1320 1464 1381 ab

300 1425 412 1485 animis
436 1433 588 1486 ueterum.
629 1422 685 1485 sed
707 1424 860 1504 quomodo
880 1425 983 1507 secere
1005 1444 1062 1506 pro
1081 1425 1150 1505 pati
1170 1425 1322 1502 scriptura
1346 1424 1462 1484 bomini

302 1528 468 1589 christiano
490 1526 655 1589 tribuenda
678 1529 729 1606 sit,
755 1531 910 1590 eominus
927 1528 1037 1605 elucet,
1064 1525 1147 1608 quod
1170 1546 1201 1591 u.
1227 1527 1306 1588 tar:
1334 1528 1463 1587 Peredre

294 1631 391 1712 pauci
418 1631 538 1702 nolunt,
577 1630 657 1690 nulli
684 1631 821 1692 nesciunt
855 1632 938 1693 itlius
969 1649 1094 1712 quoque
1131 1647 1243 1690 uersus
1279 1630 1462 1690 sententiam

298 1731 425 1794 uidetur
447 1731 624 1794 defendere.
666 1729 746 1794 iilud
762 1733 861 1796 solurn
878 1743 998 1796 oonstat
1012 1731 1179 1794 Woelfflini
1195 1750 1323 1794 uersum
1338 1740 1465 1811 propter

299 1854 444 1896 numeros
468 1837 594 1896 minime
616 1835 688 1896 ferri
712 1855 813 1915 posse.
851 1835 952 1918 Atque
981 1846 1036 1899 aut
1059 1834 1323 1914 comprobandum
1346 1843 1394 1896 est
1417 1832 1459 1912 id,

299 1937 384 2018 quod
405 1939 499 2020 uulgo
522 1938 679 2012 scribitur,
704 1948 759 2002 aut
774 1941 800 2000 si
817 1941 925 2001 merito
940 1941 972 2000 in
988 1941 1139 2001 sententia
1156 1933 1339 2014 offendetur,
1365 1956 1462 2017 prae-

298 2040 394 2102 stabit
415 2051 534 2104 tamen:
559 2041 620 2101 Virt
643 2041 712 2104 beni
733 2050 777 2104 est
797 2044 913 2104 nescire
935 2041 1020 2123 ferre
1043 2041 1198 2104 inidriem.
1230 2042 1263 2102 Si
1285 2059 1375 2120 porro
1397 2059 1464 2102 nu-

298 2161 399 2204 meros
421 2141 562 2205 defendit
585 2145 633 2205 uir
656 2143 765 2207 doetus
788 2146 915 2207 alterius
939 2163 1051 2206 uersus
1074 2145 1166 2205 simili
1190 2145 1292 2206 exitu:

427 2265 459 2307 u,
486 2246 564 2308 592:
592 2247 689 2327 Saepe
712 2248 889 2328 ipnoscendo
913 2249 963 2310 dos
987 2247 1165 2309 irritirioe'
1186 2247 1317 2324 locum,

297 2347 377 2428 sugit
398 2366 469 2409 eum
493 2349 722 2428 transponendo
744 2349 870 2412 demum
893 2361 924 2412 et
942 2350 1094 2412 uiolenter
1109 2348 1256 2412 mutando
1278 2349 1361 2410 huno
1384 2368 1463 2410 uer-

298 2449 409 2511 borum
433 2449 573 2512 ordinem
596 2470 692 2529 praue
719 2453 863 2514 effectum
892 2472 971 2514 esse.
1013 2453 1092 2514 Sunt
1119 2453 1258 2513 enimin
1288 2451 1356 2514 eod.
1382 2453 1459 2512 Fris.

297 2553 391 2613 haee:
417 2555 537 2632 sapiens
558 2572 675 2634 semper
697 2557 867 2638 quiescendi
889 2557 942 2618 dot
965 2557 1062 2618 locum
1084 2556 1233 2634 iniuriae,
1265 2553 1350 2616 unde
1373 2555 1463 2616 Gru-

298 2664 383 2717 terus
406 2655 507 2716 effecit
528 2656 597 2734 illa,
631 2659 691 2719 nisi
715 2657 798 2738 quod
821 2659 876 2720 dos
899 2659 1024 2738 scripsit
1045 2676 1100 2741 pro
1130 2657 1192 2718 des.
1234 2657 1297 2719 Sed
1320 2659 1391 2738 quis
1416 2665 1465 2718 est

298 2760 351 2838 qui
374 2769 465 2838 neget
486 2757 577 2840 plane
600 2760 658 2820 elia
681 2763 713 2822 in
737 2761 784 2822 his
806 2760 912 2823 uerbis
935 2760 1027 2821 latere
1050 2761 1165 2839 posse‘?
1191 2761 1297 2840 itaque
1327 2761 1386 2820 nisi
1412 2761 1463 2821 eui

300 2863 455 2942 continget
471 2863 628 2924 meliorem
643 2865 829 2925 eonstituere
845 2882 972 2925 uersum
987 2898 1031 2906 -
1049 2862 1123 2923 mihi
1146 2864 1230 2923 enirn
1252 2881 1313 2923 non
1336 2865 1466 2942 contigit

298 2999 355 3043 —,
392 2965 563 3045 praestabit
596 2984 670 3027 sane
705 2968 836 3028 retinere
871 2965 984 3027 eodieis
1018 2965 1181 3026 lectionem
1212 2967 1371 3045 integram.
1430 2965 1462 3026 Si

297 3077 414 3129 rectum
437 3076 485 3129 est
507 3068 591 3148 quod
613 3069 767 3130 Gruterus
789 3071 965 3149 proposuit,
1000 3065 1136 3129 debebat
1164 3068 1274 3130 saltem
1297 3069 1374 3129 haee
1397 3067 1464 3130 iere

297 3169 450 3230 seribere:
483 3172 580 3249 Saepe
603 3171 778 3252 ipnoseendo
803 3171 934 3232 r'oz'r'rrioe
957 3171 1044 3234 detrir
1076 3171 1160 3232 loeus
1195 3169 1394 3251 (decessura
1420 3171 1461 3232 oi.

299 3292 331 3332 u.
359 3271 445 3350 645),
476 3272 536 3354 [uel
560 3283 683 3335 seruato
707 3273 875 3335 uerborum
898 3273 1021 3335 ordine:
1056 3273 1152 3354 Saepe
1174 3274 1350 3355 ipposeerrdo
1373 3275 1466 3337 de'tur

297 3375 377 3436 terus
400 3372 556 3456 iniuriae]

368 3479 401 3538 V.
429 3479 510 3538 364:
538 3480 661 3540 Mortem
677 3477 730 3540 ribi
751 3489 930 3556 contemnes,
957 3481 1057 3540 daenes
1080 3479 1233 3542 atcerte
1255 3477 1384 3540 metris.

297 3582 343 3642 sio
357 3579 456 3644 edidit
470 3580 519 3641 W.
538 3599 609 3642 eum
633 3581 747 3643 editore
770 3581 913 3659 ingolst.;
940 3580 996 3642 sed
1020 3601 1091 3644 eum
1114 3580 1211 3642 oodex
1226 3583 1272 3658 F.,
1298 3583 1353 3660 qui
1375 3583 1466 3644 solus

297 3683 377 3744 hane
413 3685 597 3745 sententiam
635 3685 848 3759 conseruauit,
886 3683 1032 3746 exhibeat
1069 3692 1164 3746 metus
1200 3685 1311 3746 uieeris
1348 3701 1462 3764 omnes,

296 3785 523 3863 comprobanda
547 3796 678 3849 estnon
700 3787 865 3849 uiolentior
887 3787 985 3848 Bothii
1008 3787 1182 3848 coniectura
1205 3787 1300 3847 haee:
1336 3789 1467 3848 Mortem

295 3886 348 3950 tibi
370 3894 550 3963 contemnes,
576 3889 687 3952 uteerr'r
709 3891 807 3950 omnes
829 3896 935 3950 metus.
968 3889 1044 3950 Nam
1060 3891 1091 3950 in
1108 3891 1220 3951 ur'eeris
1236 3891 1289 3950 uix
1306 3890 1364 3950 erit
1380 3889 1467 3952 hae·-

296 3988 437 4067 rendum‚
464 3989 555 4052 modo
569 3990 650 4052 hane
672 3989 801 4052 formem
824 3990 951 4054 modum
967 3993 1199 4054 eoniunetiuuni
1216 4011 1285 4054 esse
1301 3992 1466 4072 iuterpre-

296 4101 408 4154 temur.
436 4125 477 4138 —-
500 4095 566 4155 Duo
588 4093 640 4154 alii
662 4112 785 4172 uersus,
812 4095 867 4173 qui
890 4093 1013 4156 Publilii
1036 4113 1105 4156 esse
1128 4094 1275 4158 uidentur
1296 4103 1328 4156 et
1350 4097 1466 4160 saltem

298 4197 332 4262 in
355 4192 515 4260 codicibus
538 4194 642 4258 traditi
665 4205 756 4258 sunt:
