3126 5028
452 469 656 541 Qvarsrmnus
679 487 833 530 urrerem.
1182 465 1223 528 63

69 640 146 699 hunc
166 640 270 718 potius
293 641 363 700 olim
387 640 483 701 inisse
506 641 674 719 genuinum
691 640 857 701 uerborum
882 657 1145 718 personarumque
1168 658 1224 699 or-

68 740 181 802 dinem:

191 847 242 905 Cr.
285 844 326 906 'Is
356 845 399 906 itt·
419 848 573 907 mortruiet.
607 844 664 904 Ch.
691 846 762 903 Eius
782 846 913 904 nomen?
948 845 1001 904 Cr.
1028 846 1138 904 Ndmen
1163 851 1223 905 tum

480 949 559 1010 cita?
589 947 637 1007 Pa.
666 947 795 1008 Phdoiu.
829 947 886 1008 Ch.
912 947 986 1008 Hem
1091 993 1098 1002 .

193 1051 285 1110 Perii.
319 1051 371 1109 Cr.
401 1051 506 1110 Verum
530 1049 627 1111 hercle
650 1051 765 1130 opinor.
785 1095 821 1108 ..

69 1154 139 1212 Nam
162 1153 187 1214 si
210 1152 343 1217 Phaniae
366 1133 481 1217 nomen
502 1163 574 1216 ante
595 1152 662 1230 ipsu
686 1152 818 1215 Critonis
848 1151 944 1214 uerba
970 1169 1031 1216 nou
1059 1161 1126 1220 eret
1147 1171 1223 1230 pro-

68 1256 256 1333 nuntiatum,
297 1255 423 1316 minime
459 1255 660 1335 intellegitur,
703 1274 758 1315 cur
788 1253 972 1333 respondeat
1001 1254 1083 1316 Crito
1116 1255 1224 1314 Verum

69 1355 192 1418 hercle
215 1359 336 1436 opinor,
365 1359 547 1434 pracsertim
577 1376 647 1418 curn
678 1357 821 1437 opinetur
849 1366 968 1418 tautum
994 1356 1125 1418 Phaniae
1148 1355 1225 1417 illud

69 1478 173 1522 nomen
203 1460 311 1524 fuisse.
358 1459 476 1521 Deinde
508 1459 662 1539 quomodo
694 1468 813 1540 poterat
842 1459 1021 1539 Pamphilus
1054 1458 1225 1528 exclamare

73 1564 136 1620 ilem
158 1564 247 1640 perii,
275 1564 323 1623 cui
348 1562 473 1642 quidem
497 1582 581 1622 nuuc
602 1563 677 1622 haec
698 1563 795 1623 uerba
819 1559 1009 1642 tribuuntur,
1035 1579 1225 1642 quamquam

71 1665 95 1722 ei
118 1665 212 1736 multo
235 1666 343 1724 maiori
366 1665 477 1746 gaudio
505 1663 551 1745 (cf.
578 1684 633 1725 uu.
660 1666 720 1724 943
745 1664 805 1746 sq.)
838 1683 931 1743 quam
954 1664 1050 1729 dolori
1073 1682 1142 1724 esse
1164 1662 1226 1726 de-

71 1766 175 1842 bebat,
208 1769 234 1826 si
262 1778 381 1846 patrem
412 1768 527 1829 amicae
555 1769 653 1831 ciuem
684 1766 817 1830 Atticum
846 1766 943 1836 fuisse
970 1768 1226 1849 cognosceretur

71 1869 126 1939 Hac
147 1868 186 1930 de
208 1890 302 1933 causa
326 1889 387 1930 non
403 1870 560 1948 Pamphilo
582 1890 617 1942 ea
640 1869 736 1930 uerba
758 1881 890 1948 possunt
906 1870 1012 1950 tribui,
1038 1869 1094 1930 sed
1109 1869 1226 1931 dehent

70 1973 165 2048 potius
188 1974 356 2050 Chremeti,
383 1974 437 2059 qui
459 1975 578 2052 etipse
607 1973 699 2053 paulo
721 1981 791 2050 post
813 1973 999 2037 interturbat
1022 1975 1046 2033 Ο
1069 1975 1224 2053 Iuppiter!

71 2075 99 2134 Si
120 2094 191 2135 uero
214 2075 364 2138 Chremes
387 2075 460 2137 dicit
482 2077 557 2138 Hem
577 2077 668 2158 perii,
695 2076 726 2135 in
749 2076 793 2135 eis
822 2095 901 2154 quae
925 2075 1114 2154 praecedunt
1135 2096 1223 2140 com-

73 2180 225 2238 memorari
250 2177 367 2259 aliquid
391 2198 518 2240 necesse
541 2189 598 2256 est,
624 2187 751 2258 propter
773 2179 856 2256 quod
872 2178 947 2239 iliud
971 2181 1129 2240 exclamet.
1164 2181 1225 2240 Hoc

72 2290 166 2339 autem
191 2281 267 2341 nihii
291 2281 377 2343 atiud
400 2301 469 2341 esse
491 2290 593 2359 potest
615 2281 673 2341 nisi
699 2281 815 2342 Phanio
839 2282 996 2362 Pamphili,
1023 2301 1084 2361 quo
1106 2283 1225 2346 obliui-

25 2445 29 2458 ,
72 2401 151 2442 osum
175 2385 331 2459 Critonem
356 2385 428 2444 item
461 2394 547 2444 utu.
575 2383 636 2442 945
662 2383 860 2460 submoneat;
898 2385 976 2445 etsi
1001 2405 1112 2446 nomen
1136 2387 1225 2448 Pasi-

73 2483 155 2545 hulae
186 2498 328 2564 nouerat,
365 2496 487 2566 poterat
519 2491 610 2549 ctiam
645 2489 740 2566 patris
775 2506 885 2548 nomen
916 2489 1068 2567 cognitum
1097 2489 1220 2550 hahere.

72 2587 187 2649 Accedit
209 2588 297 2668 quod
320 2591 394 2650 Hem
415 2592 496 2670 perii
515 2591 687 2651 Chremetis
709 2609 778 2651 esse
802 2592 860 2670 ipsi
884 2590 955 2656 libri
985 2591 1137 2668 indicant,
1172 2592 1226 2652 tibi

74 2701 166 2750 autem
189 2713 205 2752 a
230 2693 390 2752 nonnullis
412 2690 570 2753 codicibus
593 2695 777 2754 Bentleianis
799 2693 899 2753 abest.
924 2729 964 2738 —-

151 2793 247 2856 Andr.
278 2796 338 2855 att
363 2795 624 2875 Vmpienhachius
648 2797 730 2858 huuc
751 2799 782 2856 in
807 2795 930 2859 modum
954 2796 1064 2864 edidit:
1285 2869 1288 2874 Ι

194 2897 277 2958 Horis
301 2899 439 2960 Chremes
463 2899 541 2979 quod
571 2900 693 2978 quadis
718 2897 896 2958 Posibdlost.
938 2898 993 2960 Ch.
1020 2895 1102 2979 'Ipso
1125 2902 1220 2961 adst.

483 3002 533 3062 Gr.
560 3003 663 3062 Edst.

111 3105 222 3164 tenth:
254 3105 320 3163 Non
341 3105 455 3183 pdtior.
492 3105 572 3164 Heus
590 3103 728 3164 chremes
750 3103 830 3183 quod
851 3105 973 3184 quoeris
992 3105 1142 3164 Pdsr'hoio.
1165 3106 1220 3166 Ch.

485 3208 594 3286 Ipsdst.
620 3207 669 3266 Cr.
698 3210 780 3266 Euat.

111 3307 216 3367 Both:
246 3311 313 3368 Non
330 3303 459 3387 'pdtiom
503 3311 582 3370 Heus
619 3309 758 3369 Chremes
791 3308 870 3388 quod
898 3312 1021 3388 quoeris
1045 3311 1223 3372 Pdsihulost.

482 3410 539 3574 gl:
572 3470 679 3552 ,¹1psa
702 3479 776 3532 eost.

112 3615 221 3678 Black:
255 3617 319 3676 Noa
344 3617 460 3695 pdtior.
494 3616 575 3676 Heus
606 3615 745 3676 Chremes
772 3614 851 3694 quod
876 3615 1000 3695 quoeris
1029 3615 1221 3695 Pdsiphr'iost.

483 3718 539 3779 Ch.
568 3721 675 3798 Ipsdrt.
708 3719 758 3780 Gr.
786 3721 865 3778 Eust.

77 3833 127 3877 too
156 3824 264 3900 potior
285 3839 346 3882 om.
379 3820 416 3880 Α.
466 3821 636 3882 Pasibulast
671 3824 781 3901 Ipsost,
799 3823 872 3880 Eost
908 3820 994 3898 iibri,
1035 3823 1087 3900 qui
1122 3833 1226 3882 tamen

77 3916 109 3976 de
129 3939 328 3999 personarum
357 3923 438 3984 notis
467 3921 664 3983 dissentiunt.
710 3921 826 3994 Quodsi
849 3921 987 4000 Calliopii
1017 3926 1224 3986 recensionem

79 4025 234 4104 sequimur,
262 4028 331 4088 ueri
346 4025 472 4087 uidetur
486 4025 677 4086 simillimum
693 4044 763 4086 essa
778 4023 862 4104 quod
877 4023 1033 4086 Bentleius
1048 4028 1221 4104 constituit3

80 4124 119 4182 sin
145 4129 278 4190 codicem
310 4128 510 4206 Bembinum‚
540 4148 600 4189 non
635 4147 761 4211 possum
789 4129 941 4188 assentari
970 4127 1224 4206 Vmpienbachio.

80 4224 199 4291 Primum
222 4233 307 4292 enim
331 4230 458 4292 offendit
479 4230 562 4310 quod
585 4251 667 4293 unus
690 4232 884 4308 septenarius
909 4231 1076 4291 trochaicus
1099 4233 1227 4293 interest
