3176 5028
521 403 728 476 Qrtssrrouns
752 420 905 465 remrein.
1155 385 1165 394 ⁴
1253 403 1294 466 23
1333 390 1339 400 ’

127 573 223 634 lmmn
243 571 402 636 contendo
428 591 484 653 ego
510 571 559 653 (el.
585 575 800 636 Lachmannus
826 575 858 634 in
881 576 970 636 Luer.
997 592 1050 655 pp.
1079 575 1138 635 l95
1162 584 1194 637 et
1214 574 1289 658 388)

128 677 229 737 omnia
245 675 344 738 uerba
360 675 500 755 iambica,
520 694 600 756 quae
616 677 742 758 quidem
757 677 889 740 uerbum
906 676 1153 760 monosyllabum
1169 676 1293 758 longum

128 777 177 840 uel
193 776 385 862 disyllabum
408 779 657 858 pyrrhichiaeum
681 774 846 860 excipiant,
872 789 904 841 et
925 781 1025 842 omnia
1049 779 1146 842 uerba
1169 782 1289 861 aretina,

128 881 196 943 siue
218 881 250 942 in
273 882 412 944 nemum
433 882 555 962 longam
578 885 645 945 siue
667 885 700 944 in
715 902 745 944 rs
760 882 892 944 litteram
915 882 1069 962 desinant,
1092 883 1210 945 hiatum
1232 881 1295 948 att

130 983 251 1045 mittere
268 985 300 1044 in
322 983 474 1048 dihaeresi
496 994 567 1047 ante
589 985 729 1048 ultimam
752 984 907 1066 dipodiam
925 986 1112 1065 iambicam,
1138 989 1228 1050 euius
1250 990 1294 1050 rei
1343 1028 1345 1034 .

129 1085 312 1148 documenta
334 1097 459 1168 praeter
479 1107 590 1151 uersus
613 1108 707 1169 supra
729 1098 889 1168 eongestns
911 1089 1063 1169 praebent
1084 1090 1137 1151 hi:

128 1190 214 1252 ttost.
242 1190 303 1250 999
391 1211 398 1252 ;
427 1192 581 1272 Numquid
599 1193 747 1272 processit
768 1191 810 1258 dd
830 1189 932 1272 solutu
955 1191 1042 1254 liodr'e'
1062 1195 1134 1262 unul
1145 1195 1161 1256 ?

127 1292 217 1352 Mero.
245 1291 306 1351 6l5
390 1313 395 1353 :
424 1295 488 1354 Ndu
503 1295 643 1359 u‘biistuc
655 1292 1029 1376 mdqt'sdiuldieestqudm
1039 1295 1290 1376 mr'ltlzodidsult.

128 1395 218 1455 Poen.
246 1395 258 1453 l
281 1396 309 1472 l,
337 1397 399 1456 l8:
424 1397 465 1458 Se
488 1398 593 1458 amdre
616 1398 804 1478 uellentque
827 1395 947 1476 dbsequi
969 1399 1069 1458 untutd
1089 1401 1156 1463 sud.

129 1497 219 1560 Cure.
248 1498 283 1557 ll
393 1498 601 1580 :Oblclqusre
650 1501 720 1561 Fiat
740 1501 894 1562 eadmund.
944 1501 1043 1572 Elium
1066 1503 1165 1565 laces?

127 1599 218 1663 Pseu.
244 1600 308 1678 ll,
336 1600 398 1661 63:
424 1598 607 1682 Aphrodisia
629 1601 714 1664 hodie
737 1600 815 1664 salut.
865 1602 942 1667 sun.
989 1602 1099 1664 Ocules
1120 1604 1196 1664 uolt.

127 1701 218 1766 Puen.
244 1703 255 1762 l
279 1703 309 1782 3,
336 1703 399 1764 23:
425 1705 529 1784 Neque
553 1706 700 1784 qudntum
728 1705 850 1785 aquaist
872 1706 903 1768 lu
925 1707 1016 1766 marl.
1064 1703 1215 1778 Abiturun
1237 1707 1295 1770 ds?

128 1804 238 1867 Bacch.
267 1805 326 1866 tsi
394 1825 400 1864 :
427 1805 540 1868 Ibidem
563 1808 614 1887 dqe
636 1825 735 1871 meam
756 1825 879 1887 operam
899 1807 1035 1891 perdidt,
1066 1807 1120 1873 ulti
1141 1806 1173 1870 td
1196 1810 1290 1875 mdm.

127 1906 220 1967 Cure.
245 1909 308 1970 308
391 1904 869 1990 1‘Eloquereobsecroldrcle.
918 1910 1071 1990 Eloquere,
1104 1919 1131 1972 te
1160 1910 1291 1990 dbsecut,

546 2011 599 2074 ubi
620 2009 690 2074 sunt
710 2013 817 2074 meae?
896 2063 897 2066 ,

126 2113 217 2172 Poen.
237 2113 263 2174 V
286 2114 316 2192 2,
343 2115 400 2175 28:
430 2116 485 2202 Pru
508 2113 542 2175 di
562 2114 753 2175 inmortales!
793 2112 947 2194 pldrumei
970 2112 1011 2174 ad
1034 2113 1117 2179 illum
1138 2113 1270 2181 medum.

126 2215 218 2276 Persa
243 2215 303 2278 433
393 2236 399 2274 :
424 2214 535 2286 Mirum
558 2218 630 2296 quin
653 2216 709 2278 tibi
729 2236 780 2298 eqo
804 2217 966 2292 eruerem,
992 2225 1027 2278 ut
1049 2217 1128 2278 idem
1149 2217 1235 2278 mitt.

128 2315 231 2379 Vidul.
257 2318 279 2396 l,
306 2317 326 2377 7
392 2339 397 2378 :
425 2319 507 2378 Dure
526 2321 649 2399 pdssum
671 2319 776 2400 opinor
798 2321 872 2380 sdtz's
896 2317 1005 2382 bonum
1026 2318 1212 2400 operdrium.

128 2418 231 2482 Vidul.
257 2421 293 2498 ll,
319 2421 361 2482 32
391 2441 396 2480 :
425 2421 518 2494 Quom
541 2419 625 2498 mlii,
652 2422 706 2504 qut¹
727 2423 844 2499 stiuam,
870 2422 985 2502 cdpidm
1008 2423 1089 2502 inopi
1109 2421 1199 2504 fecis.

127 2522 218 2584 Poen.
246 2523 280 2601 ll,
308 2525 347 2584 ts
393 2544 399 2583 ε
428 2521 559 2584 Certum.
610 2525 682 2584 Tum
705 2531 737 2583 tu
760 2525 854 2605 t'qitur
875 2522 922 2584 die
945 2523 1029 2601 houd,
1056 2520 1255 2603 Aphrodisiis.

133 2624 232 2704 (Poen.
244 2625 283 2686 IV
298 2627 328 2704 2,
340 2626 397 2685 84:
425 2625 485 2700 Qui
506 2627 573 2687 e'um
599 2625 769 2706 subrupui,
796 2623 855 2685 lule
877 2625 1003 2686 duteaeit
1022 2628 1143 2706 medque
1158 2629 1209 2687 ert
1224 2646 1294 2690 eum

320 2778 325 2782 .
425 2727 471 2790 lie
494 2727 650 2804 uendidit.)
666 2727 685 2808 ¹)

215 2831 293 2892 Huic
315 2848 464 2892 uersuum
487 2833 592 2910 generi
615 2827 869 2892 adnumerandus
891 2837 940 2889 est
960 2827 1089 2890 tortasse
1111 2831 1203 2890 etiam

127 2930 199 2993 Aul.
226 2931 265 2994 lV
289 2934 318 3011 l,
345 2933 398 2993 et:
424 2931 560 3014 Iuppiter
576 2941 602 2995 te
619 2931 709 3013 dique
723 2931 862 3013 perdant.
889 2929 960 2990 Hau
976 2932 1056 2993 meld
1075 2933 1139 3013 aqi!
1159 2933 1289 3012 qrdlias,

127 3051 186 3112 pro
208 3052 271 3112 qua
293 3034 444 3097 librorum
474 3037 620 3096 memoria
643 3053 704 3095 non
727 3033 837 3095 debuit
859 3031 950 3094 edere
973 3032 1008 3095 G.
1035 3035 1223 3116 Wagnerns:
1254 3067 1292 3080 -

130 3134 215 3197 Haut
235 3138 314 3199 male
335 3139 488 3219 qrdtids
511 3141 604 3219 uqlt.
649 3139 758 3198 Nescio
785 3144 888 3197 tamen
918 3155 958 3196 an
982 3138 1056 3199 laert
1076 3139 1117 3198 sit
1138 3135 1294 3198 dirimen-

119 3235 224 3316 dum,
262 3247 298 3300 ut
324 3238 490 3301 efficiatur:
531 3275 571 3284 -
604 3239 667 3300 ler
697 3247 731 3300 ut
759 3238 840 3300 mdle
868 3239 932 3318 epit
959 3240 1087 3319 qrdtids.
1136 3239 1170 3300 C.
1196 3241 1226 3300 F.
1254 3241 1290 3301 G.

127 3340 296 3403 Muellerus
318 3343 496 3424 nuperrime
523 3341 656 3425 (Nachtr.
680 3360 711 3422 p.
742 3341 813 3415 tm)
840 3341 1015 3422 proposuit:
1042 3376 1086 3387 -
1100 3340 1194 3402 Hedd
1214 3342 1294 3403 mule

128 3445 188 3527 eqt't
215 3445 353 3526 qrdtias,
387 3463 466 3524 quae
495 3447 857 3532 conlecturanpropterea
888 3442 1042 3505 reicienda
1065 3453 1128 3522 est,
1155 3442 1238 3524 quod
1262 3445 1294 3503 in

199 3668 223 3730 l)
246 3667 294 3718 llis
307 3667 432 3719 uersibus
444 3668 564 3730 adiungit
575 3669 724 3733 Geppertus
740 3667 858 3732 (llusspr.
873 3681 899 3730 p.
915 3667 955 3728 ts)
968 3665 1117 3716 seeundum
1136 3667 1295 3716 memoriam
1349 3665 1351 3670 ’
1409 3675 1412 3684 ·

127 3754 189 3806 cod.
209 3752 320 3805 Amen:
849 3773 851 3778 ·

267 3839 349 3892 Pnen.
370 3839 391 3888 V
409 3844 435 3900 2,
456 3840 502 3890 60:
523 3839 562 3890 la
578 3842 682 3890 messim
699 3839 785 3900 credo,
804 3838 856 3888 ntst
873 3838 975 3900 quidem
991 3837 1064 3888 uliud
1080 3837 1156 3900 saut

128 3930 156 3977 at
173 3941 226 3978 non
252 3926 321 3978 haee
339 3926 431 3975 extant
449 3927 475 3974 in
495 3925 525 3985 Α,
545 3925 593 3975 sed
611 3927 700 3989 potius
721 3923 881 3988 (seeundum
899 3920 1141 3986 studemundumlz

395 4009 433 4060 Aa
449 4013 550 4060 musim
567 4013 650 4070 uodo,
670 4011 721 4060 uisi
738 4009 801 4072 quid
817 4011 845 4058 ut
863 4007 935 4058 aliud
951 4008 1031 4070 sepis,

127 4099 153 4157 id
170 4098 244 4166 quod
265 4099 314 4154 aut.
334 4096 467 4158 integrum
487 4099 527 4146 est
545 4095 725 4156 retinendum,
745 4097 792 4144 ant
810 4093 970 4143 mutandum
989 4093 1016 4141 in

180 4167 184 4174 ’
373 4183 411 4240 ‚ta
428 4185 531 4237 messim
548 4183 634 4249 uno,
653 4182 706 4237 nu
723 4181 826 4249 quidm
842 4183 870 4236 u
888 4179 961 4236 allud
976 4181 1054 4248 sape.
