3176 5028
154 1316 314 1413 lambiens
337 1344 566 1428 trochaicosque
588 1363 752 1440 pumeroS,
785 1345 893 1428 quales
921 1370 937 1410 a
969 1343 1127 1413 ueteribus
1157 1345 1253 1430 poetis

90 1451 240 1512 scaenicis
256 1451 389 1528 primum
407 1460 481 1512 sunt
496 1451 604 1513 litteris
627 1451 771 1514 Romanis
794 1447 942 1514 uindicati
963 1463 995 1513 ct
1013 1473 1051 1514 ex
1067 1473 1102 1514 eo
1118 1464 1254 1534 ternpore

91 1567 216 1632 semper
240 1553 392 1632 usurpati,
423 1553 464 1614 ab
490 1551 565 1634 ipsis
589 1555 734 1616 Romanis
760 1556 903 1616 inuentos
930 1566 961 1617 et
987 1549 1159 1617 elaboratos
1185 1576 1254 1618 esse

93 1671 164 1718 curn
180 1650 266 1718 nullo
282 1655 385 1717 adhuc
400 1658 545 1735 quamuis
560 1657 687 1718 minimo
709 1657 837 1738 uestigio
860 1658 1011 1736 explorari
1032 1661 1174 1738 potuerit,
1203 1661 1254 1720 uix

92 1759 224 1822 dubium
241 1774 309 1820 esse
324 1757 459 1838 uidetur,
486 1761 561 1838 quin
577 1777 631 1821 eos
645 1776 706 1822 una
727 1779 797 1821 curn
816 1758 930 1821 iabuiis
948 1761 1074 1820 Romani
1096 1781 1113 1822 a
1133 1757 1256 1822 Graecis

95 1859 226 1924 mutuati
245 1863 316 1922 sint.
354 1863 390 1922 Ei
405 1871 508 1923 autern
525 1871 642 1942 poetae,
665 1875 796 1942 quorum
813 1864 947 1924 maxime
966 1855 1089 1924 iabui'ae
1105 1883 1121 1922 a
1139 1857 1256 1924 itoma-

94 1969 143 2026 nis
160 1963 373 2043 uertebantur,
393 1983 432 2025 ex
447 1965 571 2044 tragicis
586 1974 674 2026 erant
689 1959 871 2046 Euripides,
898 1983 936 2024 ex
953 1959 1076 2026 comicis
1091 1957 1257 2028 Menander

94 2068 238 2148 Dipbrius
251 2068 353 2145 ceteri,
373 2069 427 2146 qui
443 2081 560 2128 nouum
579 2067 755 2130 comoediae
771 2085 869 2148 genus
886 2069 1091 2130 excoluerant.
1118 2065 1259 2140 Quorum

95 2171 218 2232 iabuias
233 2187 306 2231 curn
320 2181 378 2248 per
392 2169 526 2230 Siciliam
542 2176 573 2230 et
587 2165 703 2231 itaii'am
726 2167 903 2231 interiorem·
918 2172 1063 2233 Romanis
1086 2171 1256 2234 innotuisse

94 2283 224 2352 constet,
237 2281 341 2334 tamen
353 2273 436 2352 ipsos
445 2273 562 2333 Sicuios
575 2277 681 2353 poetas
695 2270 1032 2353 Romaniuixunquam
1041 2273 1252 2337 imitabantur:

94 2385 126 2438 et
137 2387 173 2438 ut
184 2375 292 2436 imitati
305 2376 377 2454 sint,
393 2384 497 2436 umen
509 2375 602 2437 ualde
613 2377 681 2436 ueri
692 2371 791 2436 simite
803 2386 850 2437 est
862 2375 1053 2438 Sicuiosiere
1065 2377 1190 2438 easdem
1204 2385 1256 2439 at-

93 2497 157 2559 que
172 2481 257 2558 ipsos
269 2477 402 2539 Graecos
418 2479 550 2539 rationes
567 2479 709 2540 metricas
723 2489 845 2540 secutos
861 2497 939 2541 esse.
967 2481 1078 2541 Nostro
1087 2482 1178 2560 igitur
1190 2481 1256 2542 iure

96 2587 338 2662 expectaremus
351 2576 491 2643 Piauturn
508 2579 642 2642 Ennium
658 2581 833 2644 Terentium
858 2584 973 2643 ceteros
997 2581 1112 2643 eisdem
1129 2593 1160 2645 et
1175 2583 1256 2662 iegi-

94 2686 157 2748 bus
169 2695 200 2746 et
218 2684 350 2745 licentiis
366 2701 434 2745 esse
449 2701 534 2762 usos,
551 2697 631 2764 quae
647 2683 732 2764 apud
743 2685 874 2746 Graecos
891 2679 1049 2762 uaiebant3
1069 2694 1161 2764 atque
1174 2685 1199 2747 si
1216 2686 1259 2747 ab

94 2791 146 2849 his
162 2783 354 2866 recederent,
369 2781 423 2848 uix
440 2789 552 2848 mirum
568 2805 637 2848 esse
653 2785 848 2866 duceremus,
864 2787 918 2849 ubi
934 2783 1063 2848 Romani
1078 2788 1183 2867 piures
1196 2788 1255 2849 sibi

97 2889 240 2952 licentias
253 2905 347 2969 quarn
357 2889 463 2950 Graeci
476 2884 693 2966 indulsissent;
713 2899 744 2950 et
755 2903 787 2950 re
802 2905 875 2951 uera
889 2887 948 2950 sibi
965 2889 1169 2951 indulserunt.
1195 2887 1259 2952 Sed

95 2991 253 3054 itomanos
267 3003 374 3072 poetas
388 2993 473 3072 ipsos
488 3006 541 3052 eas
556 2990 617 3051 sibi
631 2993 827 3071 proposuisse
845 2993 935 3072 leges,
962 3006 1041 3070 quae
1057 2989 1141 3070 apud
1157 2991 1257 3054 Grae-

95 3111 150 3158 cos
172 3104 279 3158 essent
300 3091 419 3156 nubae:
447 3089 523 3154 baec
546 3107 594 3154 res
617 3109 653 3154 eo
675 3096 774 3174 magis
797 3089 1032 3156 admirationem
1053 3093 1147 3156 debet
1168 3113 1257 3155 com-

95 3215 234 3278 mouere,
256 3195 346 3278 ¹quod
366 3209 467 3276 neque
490 3205 645 3257 auctorem
668 3197 735 3257 eius
758 3215 859 3276 neque
876 3211 999 3257 causam
1019 3199 1058 3258 iia
1075 3207 1111 3259 ut
1126 3198 1259 3259 uelimus

93 3317 269 3384 possumus
278 3299 464 3381 perspicere.
490 3293 649 3360 Eiusmodi
665 3309 767 3360 autem
782 3300 831 3360 iex
844 3311 909 3360 erat
920 3300 960 3362 de
976 3299 1055 3379 pede
1070 3298 1259 3379 paenultimo

94 3421 204 3466 eorum
220 3419 374 3466 uersuum
389 3417 548 3480 generum,
564 3403 690 3482 quaein
706 3401 843 3462 iambum
860 3402 1022 3464 desinunt:
1041 3412 1117 3464 sunt
1130 3405 1158 3462 ei
1174 3403 1258 3462 iam-

94 3507 159 3568 bici
175 3507 300 3584 senarii,
318 3499 466 3566 trochaici
477 3505 653 3584 septenarii,
673 3501 796 3564 iambici
811 3505 965 3564 octonarii.
999 3505 1080 3564 Haec
1102 3504 1152 3564 iex
1169 3514 1203 3564 ut
1218 3505 1258 3564 ab

93 3611 173 3690 ipsis
190 3609 288 3688 poetis
307 3618 375 3669 erat
395 3605 569 3686 obseruata,
596 3609 637 3668 ita
659 3623 722 3667 non
744 3605 820 3685 sugit
841 3608 1063 3685 grammaticos.
1098 3599 1259 3666 Diomedes

93 3716 198 3791 enirn,
231 3711 289 3772 ubi
316 3709 356 3772 de
386 3723 535 3771 uersuum
565 3705 731 3788 generibus
761 3708 902 3789 exponit,
942 3703 1017 3768 baec
1047 3707 1136 3768 nobis
1166 3707 1260 3770 tradit

97 3813 321 3897 (pectitur,
347 3827 378 3892 p.
402 3814 461 3872 485
484 3809 616 3889 Gaisi.):
642 3809 703 3872 «De
723 3809 853 3872 iambico
876 3807 1007 3871 cornico:
1035 3809 1183 3872 iambicus
1206 3813 1260 3890 qui

92 3937 196 3980 uerus
211 3925 260 3978 est
275 3923 394 3976 constat
408 3934 448 3976 ex
463 3913 608 3975 omnibus
622 3909 733 3974 iambis
749 3923 785 3974 ut
799 3913 899 3990 ,Anus
923 3908 1042 3973 uirentc
1064 3917 1143 3974 secta
1167 3916 1260 3991 pinus

92 4023 129 4082 in
143 4020 268 4100 Crago‘.
289 4018 340 4078 bic
352 4019 459 4096 recipit
475 4015 628 4096 spondeos
641 4016 693 4078 uel
705 4016 780 4078 aiios
793 4012 842 4076 sui
854 4016 975 4094 generis
987 4013 1093 4092 pedes,
1109 4013 1197 4076 idest
1208 4027 1261 4076 to-

90 4122 196 4185 tidem
212 4131 397 4200 temporum,
416 4121 474 4180 etsi
489 4133 552 4179 non
574 4117 699 4180 totidem
716 4117 905 4198 syiiabarum
924 4152 962 4162 —
981 4113 1095 4196 recipit,
1121 4118 1258 4196 inquam,

90 4224 265 4304 spondeoS,
284 4221 343 4284 sed
352 4224 452 4303 primo
464 4231 495 4282 et
507 4221 594 4283 tertio
607 4230 637 4283 et
648 4219 755 4300 quinto
767 4219 843 4298 ioco,
864 4220 970 4282 ultimo
982 4228 1087 4280 autern
1096 4211 1263 4297 aiiquando

1076 4336 1108 4384 ⁴*
