3126 5028
354 373 396 432 Do
421 392 617 436 narotorarrs
641 392 756 436 rionis
780 374 947 436 Potrrrurs.
1194 375 1235 438 83

92 541 235 602 tit-*tot
276 544 415 615 Quorum
438 544 583 608 llsiatzko
607 563 676 606 oum
693 545 753 606 sibi
770 548 959 626 persuaserit
973 556 1004 608 et
1018 557 1236 627 argumentum

89 652 116 700 et
141 661 306 706 sermonem
330 656 361 707 et
382 656 479 707 artem
502 648 651 726 poetieam
681 649 803 728 optimis
834 647 957 712 tabidae
987 651 1128 729 partibus
1151 652 1235 731 paria

88 763 156 823 esso,
182 765 218 808 ae
233 767 331 810 unum
347 749 474 829 quidem
491 752 523 812 in
545 752 754 829 suspicionem
776 769 887 813 uocare
910 771 1007 816 ausus
1029 761 1092 828 est;
1118 772 1236 833 quam-

88 865 171 925 quam
193 851 273 911 enim
296 852 362 930 ipso
385 853 536 914 intellexit
557 872 618 914 non
641 853 750 916 deesse
765 855 882 934 aliquot
897 853 1105 934 difficultates,
1132 868 1235 920 mmen

35 989 37 992 -
87 951 192 1014 nullius
215 957 360 1016 momenti
384 955 439 1018 has
461 975 530 1018 esse
549 967 663 1018 censet.
697 957 765 1028 Qua
780 958 812 1016 in
836 976 868 1018 re
890 976 961 1018 cum
984 976 1000 1018 a
1025 959 1092 1020 uiro
1115 958 1234 1027 deotis-

86 1054 154 1113 simo
168 1054 358 1137 dissentiam,
384 1060 518 1137 primum
542 1079 646 1122 meum
669 1058 817 1122 iudicium
840 1058 880 1120 de
902 1061 940 1122 iis
962 1061 1127 1139 scrupulis,
1154 1080 1234 1140 quas
1347 1125 1348 1130 ,

85 1156 144 1233 ipse
158 1160 262 1238 mouit,
282 1159 394 1239 dicam,
420 1160 532 1225 deinde
554 1162 703 1224 nonnulla
725 1160 847 1240 addam,
874 1162 1068 1241 quibusrem
1085 1162 1234 1226 adfinem

85 1257 202 1335 perduci
222 1281 315 1342 posse
337 1264 465 1326 conlido.
508 1267 547 1328 Et
575 1267 607 1327 in
636 1264 830 1346 pensitandis
860 1266 914 1342 iis,
943 1283 1023 1344 quae
1046 1265 1096 1330 ille
1118 1267 1229 1345 attolit,

84 1357 287 1425 difficillimum
304 1385 374 1428 esse
390 1369 526 1429 omnium
543 1370 801 1448 uituperatiooem
816 1369 914 1429 uitare
930 1366 1015 1428 haud
1030 1368 1142 1446 ignoro,
1163 1388 1234 1430 eum

83 1479 137 1523 non
159 1474 219 1526 tam
242 1470 334 1532 o'ertis
356 1473 458 1532 causis
480 1491 575 1551 quam
598 1471 788 1541 diuinatiooe
811 1470 865 1533 niti
889 1489 967 1551 opus
989 1471 1039 1534 sit.
1082 1469 1130 1532 An
1154 1472 1235 1552 leges

82 1568 283 1643 praescribere
306 1572 385 1654 lieet,
411 1583 562 1653 quantum
585 1573 626 1635 ad
648 1575 749 1636 locum
775 1576 806 1633 in
830 1575 1036 1654 suspicionem
1059 1572 1233 1637 nocendum

82 1669 177 1732 ualere
199 1674 278 1735 uelis
301 1677 463 1755 uocabula,
490 1696 570 1757 quae
591 1678 622 1736 in
645 1677 793 1739 Plautinis
815 1676 923 1755 quales
946 1675 1097 1738 habemns
1120 1676 1235 1738 tabulis

82 1789 137 1832 non
152 1774 372 1840 inueniantnr‘i
404 1779 547 1841 Attamen
563 1778 640 1859 quid
660 1778 700 1840 de
723 1780 772 1866 liis
794 1780 936 1858 sentiam,
963 1797 1134 1857 exponam;
1160 1790 1235 1842 sunt

81 1885 175 1938 autem
198 1880 274 1940 tria:
310 1880 411 1962 Atque
433 1883 463 1942 in
495 1901 611 1944 munem
636 1882 788 1949 uocabulo
823 1880 879 1963 (os.
909 1881 978 1961 tot)
1014 1881 1232 1945 offendendum

81 1994 133 2036 noo
155 1991 246 2060 esset,
275 1985 395 2045 etiamsi
418 1987 496 2054 Festi
520 1995 551 2046 et
570 1985 689 2064 Nonii¹l
710 1985 892 2048 testimoniis
908 1995 1039 2061 careret;
1066 2003 1124 2046 nec
1138 1985 1234 2048 multo

79 2079 142 2156 plus
171 2087 319 2146 momenti
350 2087 526 2172 discubitum
555 2087 709 2151 uocabulo
743 2091 801 2164 (us
835 2088 904 2167 too)
940 2087 1116 2166 tribuerim,
1151 2088 1235 2167 quod

79 2183 155 2260 apud
180 2189 300 2265 priscos
327 2201 433 2267 poetas
461 2191 635 2269 inuenitur,
668 2209 858 2270 quamquam
886 2189 971 2269 apud
992 2189 1150 2269 Plautum,
1184 2193 1234 2252 oui

79 2285 239 2351 adhibendi
256 2292 324 2352 eius
340 2293 457 2354 occasio
476 2312 535 2354 non
553 2293 669 2372 deerat,
688 2294 745 2354 hoc
760 2293 892 2356 uerbum
916 2310 978 2354 nan
1002 2293 1134 2354 inueniri
1158 2312 1234 2355 sane

79 2388 181 2450 mirum
197 2404 261 2469 est;
291 2397 380 2456 tertio
393 2394 531 2476 denique
546 2396 645 2458 uerbo
668 2397 819 2458 adlaudat
837 2395 894 2477 (us
914 2396 965 2476 85)
986 2394 1120 2457 eundem
1141 2414 1232 2457 usum

78 2509 139 2552 esse
162 2496 216 2556 uix
238 2496 388 2560 credibile
411 2507 467 2575 est,
494 2517 529 2559 aa
552 2500 578 2560 si
600 2501 671 2578 quis
687 2499 770 2560 hunc
793 2517 919 2560 uersum
936 2496 1103 2560 defendere
1119 2499 1233 2561 uolue-

79 2595 126 2675 rit,
157 2607 278 2660 textum
303 2602 476 2663 coniectura
507 2601 652 2662 emendet
680 2611 809 2682 oportet.
849 2602 967 2662 Maioris
990 2602 1135 2662 momenti
1160 2612 1234 2663 sunt

76 2717 119 2758 us.
142 2703 292 2763 tat-263:

199 2807 275 2868 Sese
299 2807 448 2887 dmtamplo
470 2826 513 2868 em
535 2807 651 2888 apbdbis
672 2815 830 2888 postquam
854 2807 1029 2884 ercomrorit,

196 2911 263 2971 Nan
287 2907 322 2970 rit
344 2927 396 2990 opo
419 2911 517 2971 amari
538 2913 632 2991 adque
656 2910 788 2971 desidiae
811 2910 841 2970 ia
864 2911 920 2972 dtio

197 3011 333 3091 Opordm
355 3011 480 3089 dedisse,

76 3121 230 3186 questam
254 3114 376 3175 similes
398 3133 467 3176 esse
491 3115 634 3176 uersibus
658 3116 779 3174 Terent.
805 3111 902 3174 Andr.
929 3113 988 3172 bl:

194 3216 276 3277 Nam
302 3218 328 3277 is
348 3220 509 3298 postquam
530 3218 662 3280 adcessit
683 3235 726 3278 aoe
749 3215 867 3296 ephebis
888 3249 931 3260 -—

75 3325 102 3375 et
121 3319 226 3380 lleaut.
257 3319 337 3380 ⁴⁴0:

195 3427 258 3505 eqo
283 3420 360 3484 istdc
382 3424 490 3484 aetatis
511 3427 570 3485 odo
593 3425 691 3483 amori
713 3425 835 3503 operdm
858 3421 978 3499 dabam,

75 3532 106 3582 ut
124 3543 162 3585 ex
184 3526 233 3587 bis
256 3524 407 3588 conflatos
435 3545 503 3588 esse
532 3525 620 3586 facile
650 3526 798 3602 conicias,
832 3526 891 3584 iam
915 3524 1047 3584 Weisius
1076 3524 1226 3603 cognouit.

75 3626 193 3690 Talibus
214 3648 294 3690 uero
311 3627 408 3690 rebus
431 3629 468 3690 lis
491 3627 652 3690 diiudicari
675 3629 796 3707 nequit;
824 3646 894 3686 nam
917 3627 970 3705 qui
993 3645 1082 3688 suam
1098 3636 1229 3688 sentem.

74 3727 139 3790 tiam
160 3731 364 3812 pertinaciter
378 3732 458 3793 tueri
474 3732 616 3810 uoluerit,
643 3730 807 3792 nonnullos
823 3747 936 3790 uersus
959 3729 1086 3807 omittet,
1113 3738 1229 3790 eeteros

74 3849 156 3894 sanos
177 3854 237 3896 neo
257 3854 296 3898 ea
329 3835 557 3896 ratiocinatione
586 3843 682 3895 tactos
710 3851 778 3895 esse
808 3830 981 3892 contendet.
1021 3830 1229 3903 Quamobrem

135 4078 156 4138 t)
178 4078 279 4128 Paulam
298 4089 332 4127 ex
351 4077 426 4128 Festo
444 4091 470 4140 p.
484 4078 572 4136 litto
593 4077 668 4125 ittet
684 4073 786 4125 Nonius
804 4087 829 4137 p.
847 4075 900 4122 tto
914 4074 943 4122 G.
959 4071 1010 4120 hoe
1028 4069 1142 4120 uerbum
1156 4071 1227 4134 epod

71 4162 185 4226 antiquos
203 4164 356 4228 scriptores
374 4163 492 4212 extitisse
511 4163 593 4212 testes
611 4164 682 4210 sont.

1040 4259 1073 4310 6*
