3086 5024
289 435 332 496 De
358 436 487 496 Srnmxr
509 437 787 500 lnrnnnoaarmnvn
811 439 1011 510 Onnrovanvn.
1174 439 1232 499 171

73 622 209 683 quoque,
243 607 283 668 de
311 625 373 685 quo
403 609 518 688 egitur,
552 627 648 671 uersu
676 610 702 670 si
730 609 935 670 scriberemus
969 612 1010 670 Tn
1039 610 1092 670 tilii
1113 628 1228 686 acorem,

72 703 193 768 datiuus
211 707 382 770 Phormioni
398 709 608 772 restituendus
631 721 722 772 esset.
764 711 825 774 Sed
843 712 917 772 setis
935 729 1074 790 magnam
1094 711 1232 773 dillienl-

71 818 161 870 tetem
179 811 311 890 praebet
322 833 383 875 uox
395 814 487 874 mittin
498 817 522 891 9,
542 825 572 875 et
587 833 776 894 quemquem
795 814 920 894 Bentley
934 825 1024 876 acute
1039 815 1078 876 ed
1094 823 1232 876 nostrum

72 931 195 975 uersum
220 914 380 978 ednateuit
401 917 449 978 »Si
471 925 556 978 taam
578 937 683 979 nomen
709 917 893 997 (scripsisset
914 917 1027 996 poete),
1055 928 1120 979 tum
1143 919 1232 978 intu-

72 1018 155 1078 lisset
176 1035 315 1078 meamne
338 1038 397 1080 non
421 1019 563 1099 millinio,
583 1031 685 1082 temen
701 1020 809 1082 eedem
826 1020 1011 1082 confidentia
1027 1021 1139 1099 aliquis
1155 1039 1233 1080 con-

73 1119 199 1181 tendere
214 1123 328 1200 pcssit:
351 1123 377 1182 si
392 1122 486 1183 miliia
502 1124 678 1204 scripsisset
690 1133 791 1204 poete,
810 1134 891 1185 certe
908 1115 1077 1184 Phormioni
1092 1122 1233 1184 datiuum

72 1225 279 1303 opposuisset.
321 1226 405 1286 Hanc
426 1223 638 1286 difficultatem
662 1228 703 1287 ite
719 1226 848 1287 lortesse
870 1246 1015 1287 emouere
1038 1227 1117 1303 licet,
1145 1236 1178 1286 ut
1193 1224 1234 1286 ad

73 1469 132 1515 sto:
164 1467 233 1527 Quid
256 1467 295 1514 ais
320 1468 367 1515 ta?
390 1468 451 1529 qnid
471 1467 515 1528 (ite
536 1467 704 1517 Studemund
724 1481 758 1516 ex
776 1467 795 1516 Α
815 1481 863 1531 pro
882 1467 955 1528 qnod]
977 1481 1068 1516 namen
1090 1467 1235 1516 serdicam

72 1555 140 1602 esse?
151 1553 162 1616 11
175 1554 368 1614 Pasicompsae;
389 1551 483 1602 Pseud.
506 1555 569 1602 ret:
593 1554 641 1602 Sed
659 1555 720 1616 qnid
737 1565 827 1604 umnec
845 1566 898 1603 erse
915 1555 1000 1603 dicam
1017 1565 1064 1617 epe
1081 1555 1122 1602 isti
1138 1553 1236 1602 seruo?

83 1640 94 1700 ll
105 1640 215 1696 Simiam
245 1639 315 1688 Pers.
336 1643 399 1688 62³:
431 1640 496 1701 Quid
513 1653 606 1688 nomen
622 1639 705 1689 tibist?
716 1640 727 1702 11
740 1643 813 1692 Nunc
831 1645 913 1689 meino
936 1653 967 1688 ae
985 1645 1079 1702 peccet.
1093 1640 1104 1702 ll
1118 1639 1234 1690 tacridei

73 1739 160 1776 comeo
179 1728 207 1775 in
224 1727 313 1786 patria
329 1723 391 1785 (ain
424 1723 557 1773 Mill-216:
582 1726 644 1786 (inis
662 1728 742 1790 ipitar
760 1727 873 1776 narare?
885 1725 896 1787 ll
909 1727 1012 1788 Δικαίᾳ
1026 1738 1117 1775 nomen
1136 1728 1180 1774 est.
1201 1754 1234 1766 -

74 1813 193 1861 Attamen
214 1824 267 1859 nou
288 1810 337 1860 sibi
356 1812 481 1859 constans
501 1809 586 1859 luisse
612 1811 720 1860 unietur
744 1813 835 1875 poete,
863 1810 908 1859 ubi
934 1812 989 1874 ipse
1014 1811 1121 1860 {romine
1146 1811 1234 1859 iocose

71 1897 238 1961 composuit:

138 1981 240 2033 Pseud.
261 1985 325 2030 989:
349 2007 377 2016 -
398 1982 468 2041 heus,
484 1982 799 2044 Polymachaeroplagides
816 1983 914 2032 Nomen
931 1986 982 2043 est,·
1003 1983 1036 2032 ite
1055 1981 1126 2030 BCD.
1148 1980 1195 2030 sed
1215 1979 1234 2028 Α

74 2069 180 2134 praebet
199 2066 350 2118 secundnm
365 2067 581 2117 Studemnndum
600 2069 646 2116 eut
659 2067 1059 2126 rotrnnesreeortncmr,
1074 2070 1121 2116 ent
1132 2066 1235 2116 POlY-

74 2153 400 2214 nrcsrsnortncmri,
420 2152 491 2202 unde
519 2153 833 2217 Polpmaalraeroplapidei
856 2154 977 2203 datiuum
1002 2153 1120 2204 restituit
1137 2153 1236 2202 Stude-

75 2240 155 2290 mund
174 2241 201 2289 in
222 2238 332 2289 scholis.
365 2240 403 2288 De
416 2239 504 2303 ellipsi
516 2238 599 2288 delini
613 2239 780 2302 pronominis
798 2243 821 2289 ei
839 2239 908 2289 conl.
929 2239 1006 2289 Curc
1023 2243 1065 2301 77,
1079 2238 1150 2289 Trin.
1166 2237 1233 2302 prol.

77 2333 115 2386 ⁴9,
136 2329 212 2391 Cspt.
236 2328 294 2384 98l,
315 2324 387 2373 Trin.
410 2329 467 2382 ³9⁰,
490 2323 559 2374 Enn.
579 2323 656 2386 Treg.
678 2329 719 2383 23,
741 2326 782 2372 65.

175 2412 255 2476 Cnpt.
275 2415 339 2462 285:
365 2413 430 2472 Quid
448 2416 505 2462 eret
522 2413 545 2460 ei
562 2411 672 2459 omnen?
692 2410 703 2472 ΙΙ
723 2410 1165 2474 Ttensaaroctrpsmicoclrresides,·

75 2499 184 2549 tortasse
198 2498 245 2547 hic
263 2511 370 2561 quoque
389 2510 485 2547 uersus
505 2497 530 2545 in
553 2497 616 2545 -idei
634 2496 707 2545 exiit.

175 2585 243 2634 Cist.
270 2584 324 2642 llll,
350 2587 375 2643 P,
405 2585 466 2632 tot:
497 2582 546 2631 Sed
570 2582 631 2644 qaid
659 2581 702 2642 (ite
729 2584 800 2630 recte
827 2582 845 2630 Β
871 2584 938 2631 leste
962 2582 1155 2640 Studemundc,
1184 2595 1235 2629 non

489 2669 565 2729 qnod)
577 2680 668 2716 mmm
677 2673 776 2717 catinae
786 2669 929 2717 Dominae?
940 2669 951 2731 ΙΙ
963 2668 1090 2719 Melaenis.
1111 2666 1122 2728 ΙΙ
1134 2669 1237 2729 iprae:

521 2756 574 2803 iam
586 2766 632 2816 epa
650 2758 674 2804 te
686 2766 794 2814 requam
1298 2745 1301 2749 ⁴

75 2845 202 2894 Melaenis.
218 2843 256 2904 ll!
272 2843 280 2890 i
295 2853 361 2903 prae
377 2841 405 2899 B,
421 2839 532 2889 fortasse
551 2852 635 2904 praue
654 2841 791 2888 excretum
810 2853 873 2902 pro:
895 2839 1038 2890 Melaenidi.
1054 2839 1065 2901 ll
1078 2842 1090 2888 l
1104 2852 1170 2901 prae
1188 2843 1232 2887 etc.

175 2928 276 2978 Pseud.
292 2930 354 2976 65³:
371 2926 420 2976 Sed
432 2925 494 2987 qaid
506 2929 542 2974 est
554 2925 597 2974 titi
607 2925 719 2974 nomen?
729 2928 741 2982 11
753 2925 900 2986 Harpaso.
916 2925 927 2987 tl
939 2925 1026 2989 Apope
1039 2930 1070 2985 te,
1085 2925 1232 2986 Harpen,

486 3012 539 3060 len
554 3012 649 3072 placer.

380 3096 438 3147 nac
460 3098 561 3159 quidem
586 3097 671 3146 hercle
700 3098 769 3146 tend
792 3095 840 3145 ilis
862 3099 938 3155 intro,
964 3110 996 3146 ne
1019 3098 1081 3158 auid
1104 3097 1237 3158 torpeo

486 3180 586 3241 seceris.
805 3189 807 3192 ·

78 3274 105 3320 ut
122 3272 207 3322 uerbo
227 3270 340 3328 luderet,
361 3271 438 3333 poete
451 3269 562 3330 nomae
576 3266 738 3316 uocabulum
751 3281 804 3316 nan
818 3267 967 3316 declinasse
981 3269 1102 3328 uidetnr3
1125 3269 1194 3318 idem
1208 3268 1238 3319 fit

177 3357 251 3406 Trin.
275 3359 338 3405 889:
362 3355 428 3416 Qnid
440 3356 552 3403 estistnc
564 3367 661 3408 nomen.
677 3354 845 3403 adulescens?
860 3353 871 3414 ΙΙ
889 3354 958 3403 Pana
976 3357 1002 3403 id
1014 3360 1048 3405 est
1060 3367 1152 3403 nornen
1164 3356 1233 3412 miti,

366 3441 417 3492 Hoc
435 3442 611 3490 cotidiannmst
634 3440 645 3501 ll
657 3439 751 3500 Edepol
768 3451 860 3488 nomen
877 3444 1058 3502 eupatorium:

369 3527 447 3588 Quasi
465 3527 544 3585 dieas,
564 3527 587 3574 si
604 3526 665 3587 qnid
683 3524 837 3574 crediderim
854 3524 905 3584 titi,
924 3539 991 3586 pem
1007 3527 1110 3588 periisse
1127 3525 1193 3574 ilico.

178 3615 276 3665 Pseud.
299 3615 361 3662 977:
387 3613 451 3674 Quid
469 3614 515 3661 eist
531 3611 627 3660 domini
644 3609 776 3672 nommtll
790 3610 872 3660 Leno
896 3610 1016 3660 Ballio.
1032 3609 1043 3672 ll
1056 3610 1143 3659 Scinio
1161 3611 1234 3672 epol,

78 3701 119 3750 hic
137 3713 236 3752 uersus
253 3699 388 3749 notandus
411 3700 466 3757 est,
493 3696 565 3761 qnod
590 3697 691 3746 nomini
715 3696 823 3761 proprio
848 3709 944 3744 nomen
969 3695 1163 3760 appelletiuum
1182 3698 1237 3746 leno

78 3787 195 3838 additum
215 3788 272 3845 est;
293 3787 373 3850 etque
392 3785 474 3834 Pollio
492 3781 656 3832 uocabulum
675 3786 752 3846 poete
772 3779 807 3830 ob
819 3779 932 3831 eendem
951 3794 1059 3831 ceusem
1078 3795 1131 3830 non
1151 3781 1237 3830 decli-

79 3887 153 3924 nasse
167 3873 286 3932 uidetur‚
302 3871 384 3936 quod,
401 3872 429 3919 ut
441 3869 532 3920 uerbis
546 3882 614 3934 qnne
629 3871 757 3917 secuntur
772 3867 826 3916 Tne
838 3879 865 3916 es
877 3867 1006 3917 Ballio?
1017 3867 1028 3930 ΙΙ
1040 3868 1094 3930 Epo
1106 3869 1238 3918 enimuero

79 3961 178 4012 dmm.
192 3959 205 4021 ΙΙ
223 3959 252 4007 Vt
269 3959 394 4017 nestita's,
417 3959 618 4021 perforetur
634 3955 764 4014 parietum
781 3953 883 4011 elucet,
909 3952 1049 4003 uocabulis
1067 3954 1149 4003 Ballio
1171 3953 1238 4015 (bel-

80 4043 143 4106 liste]
164 4049 192 4094 et
208 4042 362 4106 perforatae
377 4045 507 4105 parietum
528 4040 616 4102 (eries)
638 4041 718 4098 ludit;
741 4040 790 4088 nisi
810 4038 922 4088 fortasse
935 4037 1108 4089 scribendum
1123 4041 1164 4088 est
1172 4040 1239 4089 Leno

81 4131 190 4190 Palliost,
211 4132 244 4179 ut
261 4127 357 4178 Pseud.
373 4131 421 4177 titt
441 4126 474 4177 ed
489 4127 737 4190 interrogationem:
760 4125 809 4174 Sed
821 4127 882 4188 qaid
893 4131 929 4178 est
940 4127 983 4176 tibi
999 4126 1108 4176 nemen?
1126 4137 1239 4193 respon-

80 4215 168 4265 detur:
191 4216 278 4267 Saros
295 4225 359 4264 enm
