3086 5024
299 401 341 459 Du
366 403 493 461 Sinnin
516 403 797 463 luunnuoouuouvu
820 402 1021 473 Onnovinvn.
1181 404 1238 464 tut

86 573 185 632 decius
212 569 307 652 (Rihb.
333 582 404 648 trag.
431 594 461 648 p.
489 582 562 646 218,
592 572 641 654 31)
667 578 754 652 Atque
784 579 815 634 id
847 595 897 650 eyo
926 596 1035 651 semper
1061 581 1102 635 sic
1133 577 1241 635 mecum'

709 683 783 752 agito
807 689 835 737 et
858 698 1005 752 comparo,

664 783 728 852 Quo
741 791 824 854 pacto
836 801 969 856 moenam
984 788 1086 842 molem
1102 789 1238 842 minuam.

85 901 121 954 Pl.
146 899 225 956 Asin.
253 907 311 959 358
342 898 386 977 (11,
415 909 444 971 2,
473 898 523 980 31)
661 905 730 958 Hem
752 907 825 960 istuc
848 921 912 974 agn,
944 904 1095 973 Quomodo
1124 915 1240 978 cruento

708 1007 896 1062 interuortnm
916 1049 921 1061 .
944 1049 949 1061 .
973 1049 1006 1062 ..
1035 1008 1184 1063 Sauream.

144 1107 220 1162 Men.
248 1111 303 1162 701
337 1103 379 1184 (V,
408 1114 436 1177 2,
464 1101 493 1183 3)
665 1107 722 1165 Sed
750 1110 819 1164 doec
848 1127 890 1165 ree
921 1109 990 1164 mihi
1018 1113 1048 1164 in
1075 1120 1188 1183 pectore
1217 1118 1241 1166 et

707 1213 790 1267 corde
812 1217 936 1279 comest,

664 1314 805 1383 Quidnam
829 1315 882 1370 doc
904 1315 940 1369 sit
962 1317 1066 1386 ueyoti.
1164 1313 1167 1321 ”

144 1431 232 1487 Mero.
265 1437 321 1488 120
351 1430 382 1507 (l,
411 1439 440 1501 2,
471 1429 517 1509 10)
664 1436 794 1502 Cnroest,
827 1437 921 1506 neqoti
950 1436 1020 1505 quid
1043 1435 1079 1490 sit
1101 1445 1150 1492 out
1172 1436 1240 1505 quid

650 1587 654 1592 .
706 1539 828 1593 nuntiet.
896 1563 897 1568 ¹

82 1637 143 1692 Ter.
170 1639 278 1711 Hecyr.
307 1642 363 1693 193
394 1633 425 1714 (Ι,
454 1645 483 1708 2,
515 1634 584 1717 118)
661 1639 724 1696 Nisi
744 1657 814 1695 saue
835 1646 966 1708 cnraest‚
993 1656 1133 1710 quorsum
1155 1657 1242 1695 euen-

703 1751 797 1798 turum
820 1731 872 1797 tioc
894 1744 958 1798 siet.
1126 1741 1128 1746 ’
1171 1723 1174 1730 ’

83 1858 119 1911 ΡΙ.
146 1861 226 1915 Triu.
257 1864 336 1917 1000
365 1857 436 1936 (llll,
464 1867 494 1930 2,
525 1856 594 1937 158)
665 1863 853 1917 Iamdudum
874 1878 967 1916 meum
987 1863 1144 1933 itlepectus
1162 1878 1243 1934 puu-

701 1967 742 2036 9t’t
764 1965 892 2032 aculeus

661 2067 735 2136 Quid
764 2069 807 2123 un·
834 2069 927 2138 neyoti
955 2067 1040 2122 inerit
1070 2068 1239 2124 antecedis

704 2187 790 2226 meas.

145 2290 229 2360 Capi.
261 2294 316 2348 192
346 2287 380 2364 (Ι,
408 2295 437 2362 2,
465 2283 515 2365 83)
667 2290 713 2345 Ibo
750 2292 824 2344 intro
862 2298 946 2363 utque
978 2292 1054 2346 intus
1086 2291 1242 2346 subducem

704 2393 904 2461 ratiunculam,

664 2495 839 2564 Quantillum
868 2499 978 2568 oryeuti
1007 2499 1048 2550 mi
1079 2498 1158 2568 opud
1179 2505 1240 2552 tor-

703 2600 838 2670 pescitom
862 2601 926 2654 siet.

140 2702 199 2755 Mil.
230 2704 285 2755 131
318 2696 363 2778 (ll,
391 2705 421 2769 5,
449 2696 499 2776 20)
663 2702 838 2756 Perscrutari
860 2702 1005 2765 hocuolo,
1034 2699 1171 2766 Sceledre,
1190 2718 1241 2755 nos

664 2878 666 2884 Α
705 2805 796 2858 nostri
817 2821 852 2858 an
876 2806 965 2860 alieni
986 2804 1085 2858 simus.

140 2922 248 2978 Pseud.
279 2926 335 2979 171
364 2919 396 3000 (Ι,
425 2929 454 2991 2,
484 2922 532 2991 11)
663 2940 738 2977 nuuc
766 2940 815 2992 eqo
849 2921 929 2977 scibo
962 2927 1050 2992 atque
1080 2921 1162 2976 hodie
1189 2937 1242 2975 ex-

706 3027 811 3094 perior,
1329 3017 1332 3021 ’

662 3126 741 3195 Quae
772 3127 870 3199 copiti,
902 3143 974 3198 quoe
1001 3127 1096 3182 neutri
1125 3143 1242 3198 operam

704 3230 763 3298 det,
790 3245 865 3299 quae
888 3243 959 3284 eune
980 3231 1030 3298 rei,
1055 3245 1126 3301 quoe
1139 3245 1241 3286 somno

686 3332 831 3388 studeat.

141 3453 250 3510 Pseud.
284 3455 339 3509 170
368 3449 400 3530 (Ι,
428 3458 458 3521 2,
488 3453 537 3523 13)
660 3450 752 3519 Quom
782 3451 910 3507 libertam
936 3452 999 3524 sore
1027 3451 1097 3504 miti
1126 3451 1242 3506 credam

703 3561 729 3610 et
743 3571 828 3626 quom
841 3554 980 3622 uenalem,
997 3552 1079 3608 nodie
1095 3555 1239 3621 experiar.

141 3659 249 3714 Bacch.
279 3623 346 3714 105Ι
366 3653 424 3734 (111,
454 3661 483 3725 3,
514 3652 538 3733 1)
663 3658 744 3712 Nunc
766 3657 909 3727 experiar,
936 3657 1010 3736 sitne
1034 3663 1112 3712 aceto
1129 3653 1180 3710 tibi
1195 3673 1243 3712 eor

704 3777 768 3815 ecre
791 3762 821 3814 iu
841 3767 963 3831 pectore.

140 3865 233 3921 Stich.
263 3867 318 3918 311
353 3863 398 3934 (ΙΙ,
429 3868 455 3931 t,
483 3858 533 3940 39)
665 3864 806 3932 experiar,
838 3862 915 3934 sores
938 3877 974 3915 au
997 3859 1084 3915 cubiti
1105 3880 1139 3917 ec
1157 3862 1242 3932 pedes

702 3967 770 4037 plus
794 3965 918 4020 ualeant.

76 4071 141 4126 Ter.
168 4068 297 4140 Adelph.
327 4072 386 4124 877
416 4061 458 4143 (V,
487 4071 515 4137 1,
543 4064 592 4146 23)
663 4073 727 4139 Aue,
779 4084 830 4138 aee
880 4070 1016 4123 nunciam
1062 4069 1244 4137 experiamur

704 4178 813 4235 eontra,
840 4171 944 4240 ecquid
968 4187 1018 4241 eqo
1040 4172 1182 4243 possiem.
