3116 5020
279 399 341 462 280
710 403 865 462 navans
889 404 1012 462 Bacnun.

328 575 354 648 t)
381 577 421 633 ΡΙ.
447 576 552 648 Amph.
580 581 634 633 stt
669 571 713 653 (11,
741 583 770 646 2,
799 572 849 654 39)
875 579 1065 634 Baaoam'mo
1082 593 1119 635 es.
1137 567 1149 652 ΙΙ
1166 576 1242 642 Scin,
1268 591 1355 645 quam
1374 575 1448 630 bono

934 681 1029 734 auimo
1049 675 1124 734 simi
1144 680 1171 734 si
1190 679 1307 734 situlam
1330 693 1444 751 cepero,

879 784 1039 854 Numquam
1067 781 1165 854 edepol
1194 787 1224 835 tu
1252 781 1323 835 mitt
1353 779 1448 835 diuini

936 883 1044 940 creduis
1063 891 1129 956 poet
1150 883 1225 938 huuc
1247 883 1327 948 diem,

881 988 920 1043 Ni
934 1003 985 1059 epo
1007 987 1051 1042 itti
1069 993 1165 1058 puteo,
1190 988 1218 1041 ci
1233 1002 1358 1059 occepso,
1379 986 1448 1039 aui-

935 1106 1011 1144 mam
1034 1105 1143 1144 omnem
1164 1091 1359 1146 internumera.

330 1186 358 1270 2)
386 1195 451 1250 Ter.
471 1194 545 1250 Eun.
573 1196 632 1250 799
662 1191 732 1263 (1111,
753 1197 783 1259 7,
804 1191 853 1264 ²9)
882 1192 956 1248 Caua
983 1192 1040 1257 eie,
1069 1192 1174 1258 cacis,
1207 1192 1254 1246 cui
1275 1190 1347 1246 mate
1370 1191 1448 1246 dim

937 1312 1012 1350 nuuc
1026 1297 1099 1350 uiro.
1118 1285 1132 1371 ΙΙ
1147 1294 1211 1350 Nou
1233 1301 1263 1349 tu
1285 1292 1349 1348 ittae
1364 1291 1449 1348 abis?
1553 1281 1554 1294 ¹

887 1399 952 1453 Scin
975 1405 1013 1464 tu,
1038 1402 1070 1454 ut
1092 1396 1143 1454 etta·
1162 1412 1207 1452 ree
1229 1413 1259 1452 ee
1273 1395 1400 1452 habeat?
1422 1397 1449 1449 si

938 1503 1089 1573 quicquam
1105 1499 1186 1555 hodie
1204 1498 1247 1554 iu‘c
1269 1497 1366 1555 turbae
1382 1515 1449 1554 coc-

936 1605 1022 1675 Pmt
1554 1665 1555 1674 2

888 1706 1013 1773 Faciam,
1030 1712 1062 1760 ut
1076 1703 1160 1760 huius
1177 1705 1231 1760 toci
1252 1705 1362 1779 dieique
1376 1707 1450 1760 mei·
1554 1703 1555 1708 ’

940 1825 993 1880 quc
1014 1823 1122 1881 suaper
1143 1809 1311 1864 memsam.

374 1901 475 1984 Atque
490 1906 522 1965 in
534 1904 583 1966 his
605 1904 730 1970 duobus
745 1906 897 1987 exemplis
912 1908 968 1966 um
983 1914 1015 1965 et
1025 1905 1138 1969 tabeat
1152 1906 1341 1968 coniunctiui
1358 1905 1450 1967 alicui
1555 1969 1556 1974 γ

287 2007 418 2069 tortasse
439 2009 533 2070 etiam
548 2017 708 2087 propterea
725 2009 866 2069 excusari
881 2027 972 2089 posse
987 2006 1191 2086 uidebuntur,
1216 2007 1303 2088 quod
1316 2027 1355 2068 ex
1372 2027 1452 2068 con-

288 2109 491 2187 dictamina,
517 2128 597 2189 quae
620 2111 694 2172 insit
715 2112 746 2170 in
770 2111 940 2173 enuntiatis
963 2110 1129 2189 sumptiuis
1150 2111 1179 2172 si
1199 2111 1323 2173 situlam
1346 2129 1451 2191 cepero

288 2222 320 2273 et
340 2213 369 2274 ei
390 2213 552 2293 quicquam
575 2212 660 2274 hodie
683 2212 730 2274 iic
754 2213 859 2275 turbae
874 2215 1016 2294 coeperis,
1043 2231 1106 2273 non
1123 2212 1223 2275 solum
1238 2231 1275 2274 ea
1290 2213 1451 2273 enuntiata

287 2315 427 2397 proxime
442 2315 635 2395 insequentia
649 2315 816 2395 pendeant,
835 2335 908 2377 oum
922 2315 1039 2394 quibus
1054 2315 1104 2376 itta
1117 2316 1279 2377 enuntiata
1291 2317 1451 2394 sumptiua

289 2418 346 2497 eis,
383 2417 438 2497 qui
471 2418 554 2498 leges
583 2419 798 2498 grammaticas
827 2419 1002 2499 respiciant,
1043 2419 1208 2516 ppaeoipue
1238 2416 1452 2498 coniungenda

291 2522 363 2600 sint,
390 2519 457 2598 sed,
484 2522 510 2582 si
527 2523 749 2582 sententiarum
765 2541 881 2584 nexum
897 2530 1082 2602 spectemus,
1109 2521 1212 2600 aliquo
1228 2521 1337 2582 saitem
1361 2519 1453 2582 modo

290 2625 383 2685 etiam
399 2642 434 2683 ea
451 2642 530 2703 quae
546 2623 733 2704 praecedant
754 2627 913 2685 enuntiata
929 2625 1146 2704 interrogatina
1162 2624 1245 2700 Seia,
1272 2641 1362 2704 quam
1380 2623 1454 2683 boao

290 2728 390 2787 anima
420 2728 501 2787 sim?
530 2735 560 2786 et
582 2727 653 2787 Scia
677 2735 725 2803 tu,
751 2734 786 2787 ut
809 2726 863 2789 tibi
884 2745 933 2788 res
955 2745 986 2786 sc
1008 2725 1150 2803 habeus),
1177 2734 1283 2807 utpote
1313 2741 1393 2805 quae
1417 2745 1453 2786 ea

247 2867 249 2872 ,
291 2827 454 2891 dumtaxat
475 2827 662 2906 condicione,
697 2847 776 2908 quac
803 2829 969 2910 sumptinis
992 2828 1051 2890 illis
1074 2829 1242 2890 enuntiatis
1264 2829 1450 2904 continetur,

291 2932 489 3012 pronuntiata
520 2933 592 2992 sint.
640 2928 784 2993 Attamen
815 2930 895 2991 facili
931 2932 1050 3012 negotio
1078 2932 1111 2990 in
1140 2931 1282 3012 exemplo
1311 2930 1454 2992 Plautino

291 3054 359 3096 sum
381 3052 437 3114 pro
459 3035 525 3114 sim,
551 3035 583 3094 in
600 3036 783 3095 Terentiano
799 3033 885 3095 dabat
907 3052 963 3114 pro
986 3034 1095 3096 tabeat
1117 3034 1223 3096 inuitis
1245 3032 1335 3095 libris
1357 3035 1455 3096 resti-

290 3146 406 3200 tuetur.
448 3138 528 3197 Sane
552 3138 583 3196 in
607 3137 749 3218 exempto
771 3135 925 3196 simillimo
948 3133 1017 3197 Aut.
1037 3139 1058 3213 1,
1082 3137 1110 3212 t,
1138 3140 1155 3196 8
1184 3135 1232 3215 (ci.
1258 3135 1363 3217 supra)
1392 3136 1455 3197 tto-

292 3241 339 3301 bet
360 3237 547 3301 indicatiuus
570 3238 640 3300 ideo
663 3258 725 3300 non
747 3238 959 3300 sollicitandus
975 3247 1031 3316 est,
1058 3239 1130 3316 quia
1143 3233 1298 3300 'eiusmodi
1321 3237 1456 3301 subtiles

292 3324 505 3404 distinctiones
527 3351 636 3422 poetae
658 3343 751 3423 prisci
774 3351 904 3403 autnon
923 3339 1065 3403 iecerunt
1078 3351 1134 3404 ant
1147 3359 1204 3422 pro
1219 3341 1347 3403 arbitrio
1362 3339 1456 3402 modo

245 3525 246 3530 ἵ
291 3443 476 3506 adamarunt
497 3443 588 3509 modo
611 3454 807 3526 sprenerunt.
849 3446 1008 3506 Praeterea
1030 3442 1109 3506 coni.
1128 3446 1197 3506 Ter.
1216 3442 1314 3506 Andr.
1337 3464 1370 3506 u.
1391 3445 1454 3505 825

291 3546 369 3609 inira
392 3568 464 3631 pag.
491 3549 563 3613 295.

338 3659 366 3728 3)
393 3659 434 3714 ΡΙ.
460 3657 563 3713 Bacch.
591 3660 650 3716 tet
679 3656 736 3729 (ΙΙΙ,
765 3662 792 3720 2.
820 3651 867 3732 tu)
896 3657 984 3712 Nimia
1005 3655 1153 3711 iracunde.
1172 3647 1235 3733 ΙΙΛι
1256 3656 1334 3723 scin,
1368 3671 1458 3726 qnam

945 3757 1101 3814 iracundus
1122 3756 1213 3813 siem?

895 3862 936 3917 Ne
958 3859 1008 3916 tibi
1026 3859 1077 3935 pai
1099 3859 1176 3916 haud
1197 3861 1279 3931 loapc
1295 3877 1327 3915 oe
1351 3859 1385 3916 ab
1409 3862 1456 3915 iu·

946 3964 1109 4036 fortuniost.

293 4067 366 4126 aiem
394 4063 543 4142 praebent
572 4063 643 4124 libri
671 4063 806 4126 Palatini.
860 4060 978 4136 Quodsi
1007 4062 1057 4122 eui
1086 4060 1303 4122 coniunctiuus
1338 4061 1455 4122 seruari

220 4169 226 4178 '
295 4165 577 4251 pessumdabitur,
610 4186 665 4250 pro
687 4165 844 4250 potentiali
869 4163 1031 4227 habendus
1060 4165 1128 4226 enit.
1169 4162 1230 4224 Sed
1260 4181 1333 4223 oum
1364 4162 1455 4224 huius
