<?xml version="1.0" encoding="UTF-8"?>
<!DOCTYPE html PUBLIC "-//W3C//DTD XHTML 1.0 Transitional//EN"
    "http://www.w3.org/TR/xhtml1/DTD/xhtml1-transitional.dtd">
<html xmlns="http://www.w3.org/1999/xhtml" xml:lang="en" lang="en">
 <head>
  <title>
</title>
<meta http-equiv="Content-Type" content="text/html;charset=utf-8" />
  <meta name='ocr-system' content='tesseract 3.04.00' />
  <meta name='ocr-capabilities' content='ocr_page ocr_carea ocr_par ocr_line ocrx_word'/>
</head>
<body>
  <div class='ocr_page' id='page_1' title='image "./studiainpriscos00studgoog_0199.png"; bbox 0 0 3086 5024; ppageno 0'>
   <div class='ocr_carea' id='block_1_1' title="bbox 286 327 1008 390">
    <p class='ocr_par' dir='ltr' id='par_1_1' title="bbox 286 327 1008 390">
     <span class='ocr_line' id='line_1_1' title="bbox 286 327 1008 390; baseline 0.003 -2"><span class='ocrx_word' id='word_1_1' title='bbox 286 327 345 390; x_wconf 88' lang='grc'>184</span> <span class='ocrx_word' id='word_1_2' title='bbox 586 350 590 355; x_wconf 94' lang='grc'><strong><em>·</em></strong></span> <span class='ocrx_word' id='word_1_3' title='bbox 707 329 861 390; x_wconf 75' lang='lat' dir='ltr'>Euvarnrs</span> <span class='ocrx_word' id='word_1_4' title='bbox 885 331 1008 390; x_wconf 77' lang='lat' dir='ltr'>Brome.</span> 
     </span>
    </p>
   </div>
   <div class='ocr_carea' id='block_1_2' title="bbox 261 499 1433 2945">
    <p class='ocr_par' dir='ltr' id='par_1_2' title="bbox 284 499 1432 1608">
     <span class='ocr_line' id='line_1_2' title="bbox 284 499 1429 586; baseline 0.003 -25"><span class='ocrx_word' id='word_1_5' title='bbox 284 504 349 562; x_wconf 81' lang='lat' dir='ltr'>Aul.</span> <span class='ocrx_word' id='word_1_6' title='bbox 373 507 433 574; x_wconf 85' lang='lat'>1111,</span> <span class='ocrx_word' id='word_1_7' title='bbox 464 511 512 574; x_wconf 84' lang='lat' dir='ltr'>to,</span> <span class='ocrx_word' id='word_1_8' title='bbox 533 511 567 562; x_wconf 87' lang='lat' dir='ltr'>3i</span> <span class='ocrx_word' id='word_1_9' title='bbox 594 499 677 583; x_wconf 71' lang='lat'>(754)</span> <span class='ocrx_word' id='word_1_10' title='bbox 704 509 743 562; x_wconf 83' lang='lat' dir='ltr'>ito</span> <span class='ocrx_word' id='word_1_11' title='bbox 766 515 792 564; x_wconf 84' lang='lat' dir='ltr'>te</span> <span class='ocrx_word' id='word_1_12' title='bbox 814 505 920 564; x_wconf 80' lang='lat' dir='ltr'>amobit</span> <span class='ocrx_word' id='word_1_13' title='bbox 942 508 1083 583; x_wconf 77' lang='lat' dir='ltr'>Iuppiter,</span> <span class='ocrx_word' id='word_1_14' title='bbox 1118 509 1150 563; x_wconf 87' lang='lat' dir='ltr'>Vt</span> <span class='ocrx_word' id='word_1_15' title='bbox 1172 517 1202 564; x_wconf 84' lang='lat' dir='ltr'>tu</span> <span class='ocrx_word' id='word_1_16' title='bbox 1230 511 1325 563; x_wconf 60' lang='lat' dir='ltr'>taenea.</span> <span class='ocrx_word' id='word_1_17' title='bbox 1348 500 1361 586; x_wconf 87' lang='grc' dir='ltr'>ΙΙ</span> <span class='ocrx_word' id='word_1_18' title='bbox 1379 511 1429 566; x_wconf 90' lang='lat' dir='ltr'>Nisi</span> 
     </span>
     <span class='ocr_line' id='line_1_3' title="bbox 850 607 1426 682; baseline 0.005 -18"><span class='ocrx_word' id='word_1_19' title='bbox 850 607 959 682; x_wconf 79' lang='lat' dir='ltr'>quidem</span> <span class='ocrx_word' id='word_1_20' title='bbox 969 616 999 664; x_wconf 81' lang='lat' dir='ltr'>tu</span> <span class='ocrx_word' id='word_1_21' title='bbox 1009 610 1087 675; x_wconf 75' lang='lat' dir='ltr'>mitti,</span> <span class='ocrx_word' id='word_1_22' title='bbox 1099 610 1170 680; x_wconf 90' lang='lat' dir='ltr'>quid</span> <span class='ocrx_word' id='word_1_23' title='bbox 1179 625 1312 681; x_wconf 84' lang='lat' dir='ltr'>quaeras,</span> <span class='ocrx_word' id='word_1_24' title='bbox 1323 611 1426 668; x_wconf 78' lang='lat' dir='ltr'><strong>dixeris.</strong></span> 
     </span>
     <span class='ocr_line' id='line_1_4' title="bbox 286 701 1017 788; baseline 0 -23"><span class='ocrx_word' id='word_1_25' title='bbox 286 703 318 766; x_wconf 93' lang='lat' dir='ltr'>id</span> <span class='ocrx_word' id='word_1_26' title='bbox 340 714 389 766; x_wconf 89' lang='lat' dir='ltr'>est</span> <span class='ocrx_word' id='word_1_27' title='bbox 409 707 527 784; x_wconf 78' lang='lat' dir='ltr'>Nescio,</span> <span class='ocrx_word' id='word_1_28' title='bbox 552 707 613 768; x_wconf 83' lang='lat' dir='ltr'>nisi</span> <span class='ocrx_word' id='word_1_29' title='bbox 634 705 776 788; x_wconf 77' lang='lat' dir='ltr'>paidom.</span> <span class='ocrx_word' id='word_1_30' title='bbox 798 753 805 768; x_wconf 88' lang='lat'><em>.</em></span> <span class='ocrx_word' id='word_1_31' title='bbox 826 701 834 767; x_wconf 72' lang='grc'>.’</span> <span class='ocrx_word' id='word_1_32' title='bbox 856 752 863 766; x_wconf 93' lang='grc'><strong>.</strong></span> <span class='ocrx_word' id='word_1_33' title='bbox 890 707 1017 768; x_wconf 56' lang='lat' dir='ltr'>damaris.</span> 
     </span>
     <span class='ocr_line' id='line_1_5' title="bbox 285 805 1429 891; baseline 0.004 -24"><span class='ocrx_word' id='word_1_34' title='bbox 285 813 371 870; x_wconf 90' lang='lat' dir='ltr'>Truo.</span> <span class='ocrx_word' id='word_1_35' title='bbox 398 814 433 882; x_wconf 88' lang='grc' dir='ltr'>Η,</span> <span class='ocrx_word' id='word_1_36' title='bbox 461 819 490 882; x_wconf 77' lang='lat'>2,</span> <span class='ocrx_word' id='word_1_37' title='bbox 521 819 556 873; x_wconf 74' lang='lat' dir='ltr'>ta</span> <span class='ocrx_word' id='word_1_38' title='bbox 577 808 659 891; x_wconf 77' lang='lat' dir='ltr'>(tao)</span> <span class='ocrx_word' id='word_1_39' title='bbox 686 814 767 870; x_wconf 81' lang='lat' dir='ltr'>Nono</span> <span class='ocrx_word' id='word_1_40' title='bbox 789 814 867 884; x_wconf 78' lang='lat' dir='ltr'>odeo,</span> <span class='ocrx_word' id='word_1_41' title='bbox 891 815 945 870; x_wconf 89' lang='lat' dir='ltr'>nisi</span> <span class='ocrx_word' id='word_1_42' title='bbox 967 813 1027 871; x_wconf 79' lang='lat' dir='ltr'>odis</span> <span class='ocrx_word' id='word_1_43' title='bbox 1050 819 1174 872; x_wconf 76' lang='lat' dir='ltr'>attotam</span> <span class='ocrx_word' id='word_1_44' title='bbox 1189 823 1239 872; x_wconf 80' lang='lat' dir='ltr'>out</span> <span class='ocrx_word' id='word_1_45' title='bbox 1253 815 1332 886; x_wconf 90' lang='lat' dir='ltr'>diois,</span> <span class='ocrx_word' id='word_1_46' title='bbox 1353 805 1429 887; x_wconf 87' lang='lat' dir='ltr'>quem</span> 
     </span>
     <span class='ocr_line' id='line_1_6' title="bbox 850 921 1075 988; baseline 0.018 -16"><span class='ocrx_word' id='word_1_47' title='bbox 850 931 985 988; x_wconf 79' lang='lat' dir='ltr'>quaeras,</span> <span class='ocrx_word' id='word_1_48' title='bbox 1011 921 1075 986; x_wconf 78' lang='lat' dir='ltr'>otto,</span> 
     </span>
     <span class='ocr_line' id='line_1_7' title="bbox 687 1020 1432 1094; baseline 0.005 -20"><span class='ocrx_word' id='word_1_49' title='bbox 687 1021 748 1074; x_wconf 86' lang='lat' dir='ltr'>lom</span> <span class='ocrx_word' id='word_1_50' title='bbox 771 1020 860 1078; x_wconf 79' lang='lat' dir='ltr'>tercie</span> <span class='ocrx_word' id='word_1_51' title='bbox 881 1037 931 1092; x_wconf 76' lang='lat' dir='ltr'>epo</span> <span class='ocrx_word' id='word_1_52' title='bbox 955 1021 998 1077; x_wconf 76' lang='lat' dir='ltr'>aa</span> <span class='ocrx_word' id='word_1_53' title='bbox 1020 1030 1055 1087; x_wconf 85' lang='lat' dir='ltr'>te,</span> <span class='ocrx_word' id='word_1_54' title='bbox 1081 1024 1164 1094; x_wconf 79' lang='lat' dir='ltr'>quasi</span> <span class='ocrx_word' id='word_1_55' title='bbox 1176 1038 1226 1076; x_wconf 84' lang='lat' dir='ltr'>sos</span> <span class='ocrx_word' id='word_1_56' title='bbox 1248 1023 1361 1090; x_wconf 78' lang='lat' dir='ltr'>catulos,</span> <span class='ocrx_word' id='word_1_57' title='bbox 1378 1039 1432 1078; x_wconf 83' lang='lat' dir='ltr'>mo-</span> 
     </span>
     <span class='ocr_line' id='line_1_8' title="bbox 851 1122 1222 1197; baseline 0.003 -20"><span class='ocrx_word' id='word_1_58' title='bbox 851 1122 909 1188; x_wconf 82' lang='lat' dir='ltr'>lior,</span> <span class='ocrx_word' id='word_1_59' title='bbox 933 1123 1049 1196; x_wconf 81' lang='lat' dir='ltr'>pedibus</span> <span class='ocrx_word' id='word_1_60' title='bbox 1070 1132 1222 1197; x_wconf 81' lang='lat' dir='ltr'>proteram.</span> 
     </span>
     <span class='ocr_line' id='line_1_9' title="bbox 284 1215 1430 1307; baseline 0.002 -27"><span class='ocrx_word' id='word_1_61' title='bbox 284 1227 362 1281; x_wconf 79' lang='lat' dir='ltr'>Pers</span> <span class='ocrx_word' id='word_1_62' title='bbox 387 1229 446 1283; x_wconf 72' lang='lat'>234</span> <span class='ocrx_word' id='word_1_63' title='bbox 476 1224 520 1300; x_wconf 69' lang='lat'>(11,</span> <span class='ocrx_word' id='word_1_64' title='bbox 549 1230 578 1293; x_wconf 78' lang='lat'>2,</span> <span class='ocrx_word' id='word_1_65' title='bbox 607 1222 655 1301; x_wconf 76' lang='lat'>52]</span> <span class='ocrx_word' id='word_1_66' title='bbox 686 1225 874 1282; x_wconf 78' lang='lat' dir='ltr'><strong><em>...Molesta</em></strong></span> <span class='ocrx_word' id='word_1_67' title='bbox 894 1225 924 1281; x_wconf 77' lang='lat' dir='ltr'>’s</span> <span class='ocrx_word' id='word_1_68' title='bbox 942 1217 954 1304; x_wconf 85' lang='grc' dir='ltr'>ΙΙ</span> <span class='ocrx_word' id='word_1_69' title='bbox 972 1227 1044 1298; x_wconf 76' lang='lat' dir='ltr'>Erpo</span> <span class='ocrx_word' id='word_1_70' title='bbox 1062 1215 1142 1307; x_wconf 83' lang='lat' dir='ltr'>(ero)</span> <span class='ocrx_word' id='word_1_71' title='bbox 1158 1243 1279 1299; x_wconf 81' lang='lat' dir='ltr'>quoque,</span> <span class='ocrx_word' id='word_1_72' title='bbox 1304 1228 1430 1295; x_wconf 89' lang='lat' dir='ltr'>nisiscio,</span> 
     </span>
     <span class='ocr_line' id='line_1_10' title="bbox 672 1326 883 1398; baseline -0.005 -16"><span class='ocrx_word' id='word_1_73' title='bbox 672 1326 735 1396; x_wconf 84' lang='lat' dir='ltr'>Quo</span> <span class='ocrx_word' id='word_1_74' title='bbox 757 1343 824 1398; x_wconf 82' lang='lat' dir='ltr'>agas</span> <span class='ocrx_word' id='word_1_75' title='bbox 848 1335 883 1384; x_wconf 88' lang='lat' dir='ltr'>to.</span> 
     </span>
     <span class='ocr_line' id='line_1_11' title="bbox 368 1423 894 1504; baseline 0.002 -20"><span class='ocrx_word' id='word_1_76' title='bbox 368 1426 474 1504; x_wconf 84' lang='lat' dir='ltr'>ltaque</span> <span class='ocrx_word' id='word_1_77' title='bbox 496 1423 627 1486; x_wconf 90' lang='lat' dir='ltr'>dubium</span> <span class='ocrx_word' id='word_1_78' title='bbox 651 1433 791 1503; x_wconf 89' lang='lat' dir='ltr'>nonest,</span> <span class='ocrx_word' id='word_1_79' title='bbox 817 1425 894 1504; x_wconf 91' lang='lat' dir='ltr'>quin</span> 
     </span>
     <span class='ocr_line' id='line_1_12' title="bbox 285 1525 1261 1608; baseline 0 -20"><span class='ocrx_word' id='word_1_80' title='bbox 285 1533 389 1588; x_wconf 87' lang='lat' dir='ltr'>Pseud.</span> <span class='ocrx_word' id='word_1_81' title='bbox 417 1537 433 1589; x_wconf 89' lang='lat'><strong>3</strong></span> <span class='ocrx_word' id='word_1_82' title='bbox 463 1531 495 1604; x_wconf 88' lang='lat'>(1,</span> <span class='ocrx_word' id='word_1_83' title='bbox 525 1538 552 1602; x_wconf 86' lang='lat' dir='ltr'>i,</span> <span class='ocrx_word' id='word_1_84' title='bbox 583 1525 609 1608; x_wconf 79' lang='lat' dir='ltr'>t)</span> <span class='ocrx_word' id='word_1_85' title='bbox 638 1532 671 1587; x_wconf 85' lang='lat' dir='ltr'>Si</span> <span class='ocrx_word' id='word_1_86' title='bbox 693 1549 730 1588; x_wconf 84' lang='lat' dir='ltr'>eoo</span> <span class='ocrx_word' id='word_1_87' title='bbox 752 1540 778 1588; x_wconf 83' lang='lat' dir='ltr'>te</span> <span class='ocrx_word' id='word_1_88' title='bbox 800 1540 906 1589; x_wconf 84' lang='lat' dir='ltr'>torento</span> <span class='ocrx_word' id='word_1_89' title='bbox 927 1531 989 1588; x_wconf 87' lang='lat' dir='ltr'>fieri</span> <span class='ocrx_word' id='word_1_90' title='bbox 1009 1550 1122 1606; x_wconf 82' lang='lat' dir='ltr'>possem</span> <span class='ocrx_word' id='word_1_91' title='bbox 1144 1536 1261 1602; x_wconf 84' lang='lat' dir='ltr'>certior,</span> 
     </span>
    </p>

    <p class='ocr_par' dir='ltr' id='par_1_3' title="bbox 283 1624 1432 1919">
     <span class='ocr_line' id='line_1_13' title="bbox 556 1624 1384 1706; baseline 0.004 -17"><span class='ocrx_word' id='word_1_92' title='bbox 556 1624 558 1628; x_wconf 65' lang='grc'><strong>’</strong></span> <span class='ocrx_word' id='word_1_93' title='bbox 644 1635 705 1704; x_wconf 84' lang='lat' dir='ltr'>Ere,</span> <span class='ocrx_word' id='word_1_94' title='bbox 729 1651 804 1706; x_wconf 88' lang='lat' dir='ltr'>quae</span> <span class='ocrx_word' id='word_1_95' title='bbox 826 1637 957 1690; x_wconf 79' lang='lat' dir='ltr'><strong><em>miseriae</em></strong></span> <span class='ocrx_word' id='word_1_96' title='bbox 980 1642 1006 1691; x_wconf 83' lang='lat' dir='ltr'>to</span> <span class='ocrx_word' id='word_1_97' title='bbox 1028 1643 1086 1691; x_wconf 88' lang='lat' dir='ltr'>tom</span> <span class='ocrx_word' id='word_1_98' title='bbox 1108 1635 1209 1692; x_wconf 80' lang='lat' dir='ltr'>misero</span> <span class='ocrx_word' id='word_1_99' title='bbox 1231 1643 1384 1692; x_wconf 80' lang='lat' dir='ltr'><strong>macerent.</strong></span> 
     </span>
     <span class='ocr_line' id='line_1_14' title="bbox 283 1725 1432 1811; baseline 0.003 -19"><span class='ocrx_word' id='word_1_100' title='bbox 283 1725 385 1793; x_wconf 87' lang='lat' dir='ltr'>eontra</span> <span class='ocrx_word' id='word_1_101' title='bbox 402 1727 551 1793; x_wconf 90' lang='lat' dir='ltr'>librorum</span> <span class='ocrx_word' id='word_1_102' title='bbox 564 1733 769 1793; x_wconf 89' lang='lat' dir='ltr'>Palatinorum</span> <span class='ocrx_word' id='word_1_103' title='bbox 786 1733 974 1810; x_wconf 78' lang='lat' dir='ltr'>memoriam,</span> <span class='ocrx_word' id='word_1_104' title='bbox 994 1734 1048 1811; x_wconf 91' lang='lat' dir='ltr'>qui</span> <span class='ocrx_word' id='word_1_105' title='bbox 1063 1742 1223 1796; x_wconf 81' lang='lat' dir='ltr'>macerant</span> <span class='ocrx_word' id='word_1_106' title='bbox 1243 1734 1432 1797; x_wconf 88' lang='lat' dir='ltr'>indicatiuum</span> 
     </span>
     <span class='ocr_line' id='line_1_15' title="bbox 283 1832 1432 1919; baseline 0.003 -24"><span class='ocrx_word' id='word_1_107' title='bbox 283 1835 446 1914; x_wconf 81' lang='lat' dir='ltr'>exhibent,</span> <span class='ocrx_word' id='word_1_108' title='bbox 476 1853 547 1898; x_wconf 91' lang='lat' dir='ltr'>oum</span> <span class='ocrx_word' id='word_1_109' title='bbox 569 1835 666 1895; x_wconf 87' lang='lat' dir='ltr'>Gellio</span> <span class='ocrx_word' id='word_1_110' title='bbox 688 1844 719 1896; x_wconf 91' lang='lat' dir='ltr'>et</span> <span class='ocrx_word' id='word_1_111' title='bbox 739 1835 819 1896; x_wconf 90' lang='lat' dir='ltr'>libro</span> <span class='ocrx_word' id='word_1_112' title='bbox 841 1832 1054 1913; x_wconf 81' lang='lat' dir='ltr'>Ambrosiano,</span> <span class='ocrx_word' id='word_1_113' title='bbox 1081 1835 1112 1894; x_wconf 90' lang='lat' dir='ltr'>in</span> <span class='ocrx_word' id='word_1_114' title='bbox 1136 1855 1198 1914; x_wconf 93' lang='lat' dir='ltr'>quo</span> <span class='ocrx_word' id='word_1_115' title='bbox 1220 1846 1252 1897; x_wconf 91' lang='lat' dir='ltr'>et</span> <span class='ocrx_word' id='word_1_116' title='bbox 1274 1839 1341 1919; x_wconf 88' lang='lat' dir='ltr'>ipso</span> <span class='ocrx_word' id='word_1_117' title='bbox 1363 1835 1432 1898; x_wconf 82' lang='lat' dir='ltr'>uA-</span> 
     </span>
    </p>

    <p class='ocr_par' dir='ltr' id='par_1_4' title="bbox 286 1936 1432 2018">
     <span class='ocr_line' id='line_1_16' title="bbox 286 1936 1432 2018; baseline 0.003 -21"><span class='ocrx_word' id='word_1_118' title='bbox 286 1937 443 1998; x_wconf 78' lang='lat' dir='ltr'><em>GERENT</em></span> <span class='ocrx_word' id='word_1_119' title='bbox 477 1939 593 1999; x_wconf 79' lang='lat' dir='ltr'>litteras</span> <span class='ocrx_word' id='word_1_120' title='bbox 626 1936 821 2000; x_wconf 90' lang='lat' dir='ltr'>Studemund</span> <span class='ocrx_word' id='word_1_121' title='bbox 863 1937 1014 2018; x_wconf 75' lang='lat' dir='ltr'>dispexit,</span> <span class='ocrx_word' id='word_1_122' title='bbox 1057 1939 1275 2002; x_wconf 82' lang='lat' dir='ltr'>coniunctiuus</span> <span class='ocrx_word' id='word_1_123' title='bbox 1311 1959 1432 2002; x_wconf 87' lang='lat' dir='ltr'>seruan-</span> 
     </span>
    </p>

    <p class='ocr_par' dir='ltr' id='par_1_5' title="bbox 261 2023 415 2102">
     <span class='ocr_line' id='line_1_17' title="bbox 261 2023 415 2102; baseline -0.013 0"><span class='ocrx_word' id='word_1_124' title='bbox 261 2023 342 2102; x_wconf 90' lang='lat' dir='ltr'>dus</span> <span class='ocrx_word' id='word_1_125' title='bbox 364 2041 415 2100; x_wconf 92' lang='lat' dir='ltr'>sit.</span> 
     </span>
    </p>

    <p class='ocr_par' dir='ltr' id='par_1_6' title="bbox 370 2141 1428 2224">
     <span class='ocr_line' id='line_1_18' title="bbox 370 2141 1428 2224; baseline 0.002 -21"><span class='ocrx_word' id='word_1_126' title='bbox 370 2143 481 2221; x_wconf 82' lang='lat' dir='ltr'>Semel,</span> <span class='ocrx_word' id='word_1_127' title='bbox 498 2142 553 2204; x_wconf 91' lang='lat' dir='ltr'>uhi</span> <span class='ocrx_word' id='word_1_128' title='bbox 566 2143 647 2218; x_wconf 80' lang='lat' dir='ltr'>Quid</span> <span class='ocrx_word' id='word_1_129' title='bbox 658 2143 725 2206; x_wconf 80' lang='lat' dir='ltr'>dioc</span> <span class='ocrx_word' id='word_1_130' title='bbox 737 2141 897 2205; x_wconf 69' lang='lat' dir='ltr'>abstuleris</span> <span class='ocrx_word' id='word_1_131' title='bbox 912 2151 1067 2224; x_wconf 84' lang='lat' dir='ltr'>expectes,</span> <span class='ocrx_word' id='word_1_132' title='bbox 1087 2142 1277 2206; x_wconf 83' lang='lat' dir='ltr'>indicatiuus</span> <span class='ocrx_word' id='word_1_133' title='bbox 1292 2147 1428 2206; x_wconf 88' lang='lat' dir='ltr'>ooeurrit:</span> 
     </span>
    </p>

    <p class='ocr_par' dir='ltr' id='par_1_7' title="bbox 283 2245 1421 2330">
     <span class='ocr_line' id='line_1_19' title="bbox 283 2245 1421 2330; baseline 0.002 -24"><span class='ocrx_word' id='word_1_134' title='bbox 283 2249 347 2306; x_wconf 81' lang='lat' dir='ltr'>Aul.</span> <span class='ocrx_word' id='word_1_135' title='bbox 375 2251 435 2320; x_wconf 86' lang='lat'>1111,</span> <span class='ocrx_word' id='word_1_136' title='bbox 465 2254 492 2319; x_wconf 79' lang='lat' dir='ltr'>d,</span> <span class='ocrx_word' id='word_1_137' title='bbox 523 2253 559 2306; x_wconf 79' lang='lat' dir='ltr'>tt</span> <span class='ocrx_word' id='word_1_138' title='bbox 588 2245 669 2328; x_wconf 80' lang='lat'>(636)</span> <span class='ocrx_word' id='word_1_139' title='bbox 696 2250 784 2322; x_wconf 78' lang='lat' dir='ltr'>Atque</span> <span class='ocrx_word' id='word_1_140' title='bbox 806 2251 836 2306; x_wconf 80' lang='lat' dir='ltr'>id</span> <span class='ocrx_word' id='word_1_141' title='bbox 864 2267 975 2324; x_wconf 82' lang='lat' dir='ltr'>quoquo</span> <span class='ocrx_word' id='word_1_142' title='bbox 1002 2254 1060 2309; x_wconf 85' lang='lat' dir='ltr'>iam</span> <span class='ocrx_word' id='word_1_143' title='bbox 1087 2254 1141 2325; x_wconf 75' lang='lat' dir='ltr'>fiet,</span> <span class='ocrx_word' id='word_1_144' title='bbox 1165 2254 1218 2308; x_wconf 83' lang='lat' dir='ltr'>nisi</span> <span class='ocrx_word' id='word_1_145' title='bbox 1246 2245 1421 2330; x_wconf 65' lang='lat' dir='ltr'>fatere...11</span> 
     </span>
    </p>

    <p class='ocr_par' dir='ltr' id='par_1_8' title="bbox 776 2347 1433 2432">
     <span class='ocr_line' id='line_1_20' title="bbox 776 2347 1433 2432; baseline 0.003 -24"><span class='ocrx_word' id='word_1_146' title='bbox 776 2353 850 2419; x_wconf 80' lang='lat' dir='ltr'>Quid</span> <span class='ocrx_word' id='word_1_147' title='bbox 870 2354 962 2426; x_wconf 83' lang='lat' dir='ltr'>fateor</span> <span class='ocrx_word' id='word_1_148' title='bbox 984 2353 1055 2410; x_wconf 75' lang='lat' dir='ltr'>titt?</span> <span class='ocrx_word' id='word_1_149' title='bbox 1070 2347 1084 2432; x_wconf 91' lang='grc' dir='ltr'>ΙΙ</span> <span class='ocrx_word' id='word_1_150' title='bbox 1099 2354 1173 2424; x_wconf 86' lang='lat' dir='ltr'>Quid</span> <span class='ocrx_word' id='word_1_151' title='bbox 1196 2355 1337 2412; x_wconf 87' lang='lat' dir='ltr'>abstulisti</span> <span class='ocrx_word' id='word_1_152' title='bbox 1359 2355 1433 2410; x_wconf 78' lang='lat' dir='ltr'>tino?</span> 
     </span>
    </p>

    <p class='ocr_par' dir='ltr' id='par_1_9' title="bbox 283 2433 1432 2532">
     <span class='ocr_line' id='line_1_21' title="bbox 283 2433 1432 2532; baseline 0.003 -22"><span class='ocrx_word' id='word_1_153' title='bbox 283 2433 473 2511; x_wconf 88' lang='lat' dir='ltr'>indicatiuus</span> <span class='ocrx_word' id='word_1_154' title='bbox 494 2449 567 2512; x_wconf 88' lang='lat' dir='ltr'>inde</span> <span class='ocrx_word' id='word_1_155' title='bbox 590 2450 719 2512; x_wconf 83' lang='lat' dir='ltr'>fortasse</span> <span class='ocrx_word' id='word_1_156' title='bbox 734 2449 935 2529; x_wconf 82' lang='lat' dir='ltr'>explicandus</span> <span class='ocrx_word' id='word_1_157' title='bbox 950 2461 1007 2529; x_wconf 89' lang='lat' dir='ltr'>est,</span> <span class='ocrx_word' id='word_1_158' title='bbox 1034 2451 1127 2532; x_wconf 90' lang='lat' dir='ltr'>quod,</span> <span class='ocrx_word' id='word_1_159' title='bbox 1155 2471 1227 2515; x_wconf 85' lang='lat' dir='ltr'>oum</span> <span class='ocrx_word' id='word_1_160' title='bbox 1245 2454 1326 2528; x_wconf 84' lang='lat' dir='ltr'>inter</span> <span class='ocrx_word' id='word_1_161' title='bbox 1339 2472 1432 2514; x_wconf 88' lang='lat' dir='ltr'>enun-</span> 
     </span>
    </p>

    <p class='ocr_par' dir='ltr' id='par_1_10' title="bbox 285 2553 1432 2632">
     <span class='ocr_line' id='line_1_22' title="bbox 285 2553 1432 2632; baseline 0.003 -19"><span class='ocrx_word' id='word_1_162' title='bbox 285 2554 393 2614; x_wconf 91' lang='lat' dir='ltr'>tiatum</span> <span class='ocrx_word' id='word_1_163' title='bbox 416 2553 597 2632; x_wconf 88' lang='lat' dir='ltr'>primarium</span> <span class='ocrx_word' id='word_1_164' title='bbox 620 2555 682 2615; x_wconf 82' lang='lat' dir='ltr'>nisi</span> <span class='ocrx_word' id='word_1_165' title='bbox 701 2553 800 2632; x_wconf 82' lang='lat' dir='ltr'>sotere</span> <span class='ocrx_word' id='word_1_166' title='bbox 822 2563 855 2614; x_wconf 86' lang='lat' dir='ltr'>et</span> <span class='ocrx_word' id='word_1_167' title='bbox 875 2553 1093 2616; x_wconf 88' lang='lat' dir='ltr'>secundarium</span> <span class='ocrx_word' id='word_1_168' title='bbox 1111 2557 1192 2631; x_wconf 80' lang='lat' dir='ltr'>Ouid</span> <span class='ocrx_word' id='word_1_169' title='bbox 1208 2555 1358 2618; x_wconf 82' lang='lat' dir='ltr'>obstulisti</span> <span class='ocrx_word' id='word_1_170' title='bbox 1375 2557 1432 2616; x_wconf 82' lang='lat' dir='ltr'>hino</span> 
     </span>
    </p>

    <p class='ocr_par' dir='ltr' id='par_1_11' title="bbox 284 2656 1431 2738">
     <span class='ocr_line' id='line_1_23' title="bbox 284 2656 1431 2738; baseline 0.003 -23"><span class='ocrx_word' id='word_1_171' title='bbox 284 2656 408 2715; x_wconf 85' lang='lat' dir='ltr'>tertium</span> <span class='ocrx_word' id='word_1_172' title='bbox 431 2657 624 2717; x_wconf 91' lang='lat' dir='ltr'>enuntiatum</span> <span class='ocrx_word' id='word_1_173' title='bbox 648 2657 799 2718; x_wconf 89' lang='lat' dir='ltr'>insertum</span> <span class='ocrx_word' id='word_1_174' title='bbox 822 2657 871 2734; x_wconf 81' lang='lat' dir='ltr'>sit,</span> <span class='ocrx_word' id='word_1_175' title='bbox 898 2658 1049 2738; x_wconf 90' lang='lat' dir='ltr'>enuntiati</span> <span class='ocrx_word' id='word_1_176' title='bbox 1070 2659 1208 2736; x_wconf 87' lang='lat' dir='ltr'>primarii</span> <span class='ocrx_word' id='word_1_177' title='bbox 1224 2668 1256 2720; x_wconf 88' lang='lat' dir='ltr'>et</span> <span class='ocrx_word' id='word_1_178' title='bbox 1271 2657 1431 2720; x_wconf 85' lang='lat' dir='ltr'>secundarii</span> 
     </span>
    </p>

    <p class='ocr_par' dir='ltr' id='par_1_12' title="bbox 283 2758 1432 2945">
     <span class='ocr_line' id='line_1_24' title="bbox 283 2758 1432 2840; baseline 0.003 -22"><span class='ocrx_word' id='word_1_179' title='bbox 283 2777 419 2820; x_wconf 85' lang='lat' dir='ltr'>oonexus</span> <span class='ocrx_word' id='word_1_180' title='bbox 442 2767 503 2819; x_wconf 92' lang='lat' dir='ltr'>tam</span> <span class='ocrx_word' id='word_1_181' title='bbox 529 2759 605 2820; x_wconf 89' lang='lat' dir='ltr'>ienis</span> <span class='ocrx_word' id='word_1_182' title='bbox 628 2769 685 2838; x_wconf 89' lang='lat' dir='ltr'>est,</span> <span class='ocrx_word' id='word_1_183' title='bbox 712 2768 747 2820; x_wconf 94' lang='lat' dir='ltr'>ut</span> <span class='ocrx_word' id='word_1_184' title='bbox 769 2758 866 2820; x_wconf 91' lang='lat' dir='ltr'>uerba</span> <span class='ocrx_word' id='word_1_185' title='bbox 892 2760 971 2834; x_wconf 81' lang='lat' dir='ltr'>Ouid</span> <span class='ocrx_word' id='word_1_186' title='bbox 997 2759 1149 2822; x_wconf 79' lang='lat' dir='ltr'>obstulisti</span> <span class='ocrx_word' id='word_1_187' title='bbox 1174 2761 1244 2824; x_wconf 80' lang='lat' dir='ltr'>hino</span> <span class='ocrx_word' id='word_1_188' title='bbox 1266 2780 1322 2840; x_wconf 92' lang='lat' dir='ltr'>pro</span> <span class='ocrx_word' id='word_1_189' title='bbox 1343 2763 1432 2822; x_wconf 89' lang='lat' dir='ltr'>inter-</span> 
     </span>
     <span class='ocr_line' id='line_1_25' title="bbox 284 2861 1224 2945; baseline 0.006 -25"><span class='ocrx_word' id='word_1_190' title='bbox 284 2861 436 2940; x_wconf 80' lang='lat' dir='ltr'>rogatione</span> <span class='ocrx_word' id='word_1_191' title='bbox 459 2870 541 2922; x_wconf 87' lang='lat' dir='ltr'>reota</span> <span class='ocrx_word' id='word_1_192' title='bbox 563 2870 646 2922; x_wconf 90' lang='lat' dir='ltr'>stare</span> <span class='ocrx_word' id='word_1_193' title='bbox 668 2861 850 2938; x_wconf 89' lang='lat' dir='ltr'>uideantur;</span> <span class='ocrx_word' id='word_1_194' title='bbox 877 2862 957 2922; x_wconf 85' lang='lat' dir='ltr'>coni.</span> <span class='ocrx_word' id='word_1_195' title='bbox 982 2881 1052 2943; x_wconf 79' lang='lat' dir='ltr'>pag.</span> <span class='ocrx_word' id='word_1_196' title='bbox 1081 2865 1151 2943; x_wconf 74' lang='lat' dir='ltr'>tta,</span> <span class='ocrx_word' id='word_1_197' title='bbox 1182 2862 1224 2945; x_wconf 83' lang='lat' dir='ltr'>i).</span> 
     </span>
    </p>
   </div>
   <div class='ocr_carea' id='block_1_3' title="bbox 283 3031 1433 3540">
    <p class='ocr_par' dir='ltr' id='par_1_13' title="bbox 283 3031 1433 3540">
     <span class='ocr_line' id='line_1_26' title="bbox 843 3031 873 3115; baseline 0 0"><span class='ocrx_word' id='word_1_198' title='bbox 843 3031 873 3115; x_wconf 82' lang='grc'>3)</span> 
     </span>
     <span class='ocr_line' id='line_1_27' title="bbox 369 3150 1433 3236; baseline 0.006 -27"><span class='ocrx_word' id='word_1_199' title='bbox 369 3151 402 3210; x_wconf 84' lang='grc' dir='ltr'>1η</span> <span class='ocrx_word' id='word_1_200' title='bbox 432 3150 586 3229; x_wconf 88' lang='lat' dir='ltr'>omnibus,</span> <span class='ocrx_word' id='word_1_201' title='bbox 618 3170 697 3230; x_wconf 85' lang='lat' dir='ltr'>quae</span> <span class='ocrx_word' id='word_1_202' title='bbox 729 3153 891 3232; x_wconf 85' lang='lat' dir='ltr'>hucusque</span> <span class='ocrx_word' id='word_1_203' title='bbox 918 3152 1126 3233; x_wconf 88' lang='lat' dir='ltr'>laudauimus,</span> <span class='ocrx_word' id='word_1_204' title='bbox 1159 3156 1310 3236; x_wconf 85' lang='lat' dir='ltr'>exemptis</span> <span class='ocrx_word' id='word_1_205' title='bbox 1336 3157 1361 3217; x_wconf 93' lang='lat' dir='ltr'>is</span> <span class='ocrx_word' id='word_1_206' title='bbox 1388 3156 1433 3233; x_wconf 91' lang='lat' dir='ltr'>qui</span> 
     </span>
     <span class='ocr_line' id='line_1_28' title="bbox 284 3253 1432 3336; baseline 0.003 -23"><span class='ocrx_word' id='word_1_207' title='bbox 284 3253 499 3332; x_wconf 82' lang='lat' dir='ltr'>interrogabat,</span> <span class='ocrx_word' id='word_1_208' title='bbox 521 3264 556 3315; x_wconf 92' lang='lat' dir='ltr'>ut</span> <span class='ocrx_word' id='word_1_209' title='bbox 578 3255 681 3316; x_wconf 87' lang='lat' dir='ltr'>statim</span> <span class='ocrx_word' id='word_1_210' title='bbox 697 3255 757 3317; x_wconf 91' lang='lat' dir='ltr'>sibi</span> <span class='ocrx_word' id='word_1_211' title='bbox 774 3253 1020 3335; x_wconf 85' lang='lat' dir='ltr'>responderetur,</span> <span class='ocrx_word' id='word_1_212' title='bbox 1047 3257 1235 3336; x_wconf 88' lang='lat' dir='ltr'>postulabat.</span> <span class='ocrx_word' id='word_1_213' title='bbox 1278 3259 1385 3320; x_wconf 87' lang='lat' dir='ltr'>Contra</span> <span class='ocrx_word' id='word_1_214' title='bbox 1407 3258 1432 3316; x_wconf 93' lang='lat' dir='ltr'>in</span> 
     </span>
     <span class='ocr_line' id='line_1_29' title="bbox 284 3356 1430 3439; baseline 0.001 -22"><span class='ocrx_word' id='word_1_215' title='bbox 284 3356 352 3417; x_wconf 85' lang='lat' dir='ltr'>aliis</span> <span class='ocrx_word' id='word_1_216' title='bbox 367 3356 480 3436; x_wconf 86' lang='lat' dir='ltr'>aliquis</span> <span class='ocrx_word' id='word_1_217' title='bbox 498 3375 559 3416; x_wconf 93' lang='lat' dir='ltr'>non</span> <span class='ocrx_word' id='word_1_218' title='bbox 583 3357 625 3418; x_wconf 86' lang='lat' dir='ltr'>ita</span> <span class='ocrx_word' id='word_1_219' title='bbox 647 3359 821 3437; x_wconf 78' lang='lat' dir='ltr'>interrogat,</span> <span class='ocrx_word' id='word_1_220' title='bbox 849 3367 884 3420; x_wconf 92' lang='lat' dir='ltr'>ut</span> <span class='ocrx_word' id='word_1_221' title='bbox 905 3360 1049 3421; x_wconf 88' lang='lat' dir='ltr'>continuo</span> <span class='ocrx_word' id='word_1_222' title='bbox 1072 3359 1131 3422; x_wconf 91' lang='lat' dir='ltr'>sibi</span> <span class='ocrx_word' id='word_1_223' title='bbox 1155 3359 1334 3439; x_wconf 88' lang='lat' dir='ltr'>responderi</span> <span class='ocrx_word' id='word_1_224' title='bbox 1356 3359 1430 3439; x_wconf 87' lang='lat' dir='ltr'>uelit,</span> 
     </span>
     <span class='ocr_line' id='line_1_30' title="bbox 283 3457 1105 3540; baseline 0 -20"><span class='ocrx_word' id='word_1_225' title='bbox 283 3457 338 3520; x_wconf 91' lang='lat' dir='ltr'>sed</span> <span class='ocrx_word' id='word_1_226' title='bbox 361 3459 402 3521; x_wconf 87' lang='lat' dir='ltr'>ita</span> <span class='ocrx_word' id='word_1_227' title='bbox 423 3461 543 3540; x_wconf 91' lang='lat' dir='ltr'>potius:</span> <span class='ocrx_word' id='word_1_228' title='bbox 1104 3475 1105 3480; x_wconf 73' lang='grc'>’</span> 
     </span>
    </p>
   </div>
   <div class='ocr_carea' id='block_1_4' title="bbox 282 3565 1434 4179">
    <p class='ocr_par' dir='ltr' id='par_1_14' title="bbox 283 3565 1434 3968">
     <span class='ocr_line' id='line_1_31' title="bbox 368 3565 1433 3666; baseline 0 -26"><span class='ocrx_word' id='word_1_229' title='bbox 368 3579 409 3666; x_wconf 49' lang='grc' dir='ltr'>ιι)ι</span> <span class='ocrx_word' id='word_1_230' title='bbox 423 3588 459 3641; x_wconf 92' lang='lat' dir='ltr'>ut</span> <span class='ocrx_word' id='word_1_231' title='bbox 480 3579 604 3642; x_wconf 90' lang='lat' dir='ltr'>studeat</span> <span class='ocrx_word' id='word_1_232' title='bbox 625 3565 744 3642; x_wconf 79' lang='lat' dir='ltr'>tantum</span> <span class='ocrx_word' id='word_1_233' title='bbox 768 3582 908 3642; x_wconf 93' lang='lat' dir='ltr'>animum</span> <span class='ocrx_word' id='word_1_234' title='bbox 931 3583 1014 3659; x_wconf 91' lang='lat' dir='ltr'>eius,</span> <span class='ocrx_word' id='word_1_235' title='bbox 1047 3600 1085 3642; x_wconf 85' lang='lat' dir='ltr'>ex</span> <span class='ocrx_word' id='word_1_236' title='bbox 1107 3599 1169 3660; x_wconf 90' lang='lat' dir='ltr'>quo</span> <span class='ocrx_word' id='word_1_237' title='bbox 1191 3582 1359 3661; x_wconf 84' lang='lat' dir='ltr'>comperire</span> <span class='ocrx_word' id='word_1_238' title='bbox 1380 3581 1433 3642; x_wconf 89' lang='lat' dir='ltr'>aii-</span> 
     </span>
     <span class='ocr_line' id='line_1_32' title="bbox 283 3670 1430 3764; baseline -0.003 -19"><span class='ocrx_word' id='word_1_239' title='bbox 283 3683 358 3764; x_wconf 90' lang='lat' dir='ltr'>quid</span> <span class='ocrx_word' id='word_1_240' title='bbox 376 3670 454 3763; x_wconf 87' lang='lat' dir='ltr'>uult,</span> <span class='ocrx_word' id='word_1_241' title='bbox 474 3683 573 3762; x_wconf 90' lang='lat' dir='ltr'>adid,</span> <span class='ocrx_word' id='word_1_242' title='bbox 600 3683 683 3763; x_wconf 92' lang='lat' dir='ltr'>quod</span> <span class='ocrx_word' id='word_1_243' title='bbox 708 3703 778 3745; x_wconf 90' lang='lat' dir='ltr'>eum</span> <span class='ocrx_word' id='word_1_244' title='bbox 795 3693 901 3764; x_wconf 85' lang='lat' dir='ltr'>postea</span> <span class='ocrx_word' id='word_1_245' title='bbox 920 3686 1164 3764; x_wconf 82' lang='lat' dir='ltr'>interrogaturus</span> <span class='ocrx_word' id='word_1_246' title='bbox 1178 3694 1235 3762; x_wconf 87' lang='lat' dir='ltr'>est,</span> <span class='ocrx_word' id='word_1_247' title='bbox 1263 3683 1430 3745; x_wconf 85' lang='lat' dir='ltr'>aduertere:</span> 
     </span>
     <span class='ocr_line' id='line_1_33' title="bbox 284 3785 1434 3866; baseline 0.002 -20"><span class='ocrx_word' id='word_1_248' title='bbox 284 3793 324 3847; x_wconf 92' lang='lat' dir='ltr'>Pi.</span> <span class='ocrx_word' id='word_1_249' title='bbox 351 3793 422 3847; x_wconf 88' lang='lat' dir='ltr'>Rud.</span> <span class='ocrx_word' id='word_1_250' title='bbox 452 3796 531 3849; x_wconf 77' lang='lat' dir='ltr'>itta</span> <span class='ocrx_word' id='word_1_251' title='bbox 560 3792 630 3860; x_wconf 67' lang='lat'>131111,</span> <span class='ocrx_word' id='word_1_252' title='bbox 661 3795 688 3860; x_wconf 77' lang='grc' dir='ltr'>ι,</span> <span class='ocrx_word' id='word_1_253' title='bbox 719 3785 787 3866; x_wconf 81' lang='lat' dir='ltr'>tot)</span> <span class='ocrx_word' id='word_1_254' title='bbox 1049 3799 1088 3860; x_wconf 80' lang='lat' dir='ltr'>to,</span> <span class='ocrx_word' id='word_1_255' title='bbox 1110 3792 1218 3866; x_wconf 84' lang='lat' dir='ltr'>puello,</span> <span class='ocrx_word' id='word_1_256' title='bbox 1244 3793 1328 3848; x_wconf 79' lang='lat' dir='ltr'>istinc.</span> <span class='ocrx_word' id='word_1_257' title='bbox 1343 3793 1434 3864; x_wconf 82' lang='lat' dir='ltr'>procot</span> 
     </span>
     <span class='ocr_line' id='line_1_34' title="bbox 815 3896 1433 3968; baseline 0 -18"><span class='ocrx_word' id='word_1_258' title='bbox 815 3896 917 3964; x_wconf 89' lang='lat' dir='ltr'>Dicito,</span> <span class='ocrx_word' id='word_1_259' title='bbox 949 3897 1019 3966; x_wconf 89' lang='lat' dir='ltr'>quid</span> <span class='ocrx_word' id='word_1_260' title='bbox 1051 3896 1115 3950; x_wconf 90' lang='lat' dir='ltr'>insit</span> <span class='ocrx_word' id='word_1_261' title='bbox 1143 3903 1168 3950; x_wconf 84' lang='lat' dir='ltr'>et</span> <span class='ocrx_word' id='word_1_262' title='bbox 1190 3913 1247 3968; x_wconf 83' lang='lat' dir='ltr'>quo</span> <span class='ocrx_word' id='word_1_263' title='bbox 1268 3897 1357 3968; x_wconf 82' lang='lat' dir='ltr'>focio:</span> <span class='ocrx_word' id='word_1_264' title='bbox 1382 3912 1433 3950; x_wconf 74' lang='lat' dir='ltr'>mo</span> 
     </span>
    </p>

    <p class='ocr_par' dir='ltr' id='par_1_15' title="bbox 1114 4003 1415 4056">
     <span class='ocr_line' id='line_1_35' title="bbox 1114 4003 1415 4056; baseline -0.003 -2"><span class='ocrx_word' id='word_1_265' title='bbox 1114 4006 1224 4056; x_wconf 86' lang='lat' dir='ltr'>morato</span> <span class='ocrx_word' id='word_1_266' title='bbox 1248 4003 1353 4054; x_wconf 77' lang='lat' dir='ltr'>omnio.</span> <span class='ocrx_word' id='word_1_267' title='bbox 1377 4027 1415 4038; x_wconf 93' lang='lat'>-—</span> 
     </span>
    </p>

    <p class='ocr_par' dir='ltr' id='par_1_16' title="bbox 282 4090 1428 4179">
     <span class='ocr_line' id='line_1_36' title="bbox 282 4090 1428 4179; baseline -0.003 -22"><span class='ocrx_word' id='word_1_268' title='bbox 282 4090 393 4157; x_wconf 89' lang='lat' dir='ltr'>deinde</span> <span class='ocrx_word' id='word_1_269' title='bbox 410 4112 441 4157; x_wconf 86' lang='lat' dir='ltr'>u.</span> <span class='ocrx_word' id='word_1_270' title='bbox 462 4093 541 4156; x_wconf 77' lang='lat' dir='ltr'>ttsa</span> <span class='ocrx_word' id='word_1_271' title='bbox 566 4093 691 4160; x_wconf 88' lang='lat' dir='ltr'>demum</span> <span class='ocrx_word' id='word_1_272' title='bbox 709 4097 923 4178; x_wconf 82' lang='lat' dir='ltr'>interrogatur:</span> <span class='ocrx_word' id='word_1_273' title='bbox 953 4097 1087 4178; x_wconf 78' lang='lat' dir='ltr'>Loquere</span> <span class='ocrx_word' id='word_1_274' title='bbox 1102 4097 1255 4174; x_wconf 80' lang='lat' dir='ltr'>nunciam,</span> <span class='ocrx_word' id='word_1_275' title='bbox 1272 4097 1372 4179; x_wconf 81' lang='lat' dir='ltr'>puello</span> <span class='ocrx_word' id='word_1_276' title='bbox 1385 4130 1428 4154; x_wconf 87' lang='lat'>-.</span> 
     </span>
    </p>
   </div>
   <div class='ocr_carea' id='block_1_5' title="bbox 0 0 1548 5024">
    <p class='ocr_par' dir='ltr' id='par_1_17' title="bbox 0 0 1548 5024">
     <span class='ocr_line' id='line_1_37' title="bbox 0 0 1548 5024; baseline 0 0"><span class='ocrx_word' id='word_1_277' title='bbox 0 0 1548 5024; x_wconf 95' lang='lat' dir='ltr'> </span> 
     </span>
    </p>
   </div>
  </div>
 </body>
</html>
