3176 5028
302 391 343 454 26
743 391 894 455 Aversrvs
918 396 1022 456 Lross.

302 561 380 644 qood
403 566 489 626 omot
510 564 651 645 Demipho
674 566 836 644 proposuit
850 565 886 627 C.
905 565 937 626 F.
956 564 992 624 G.
1012 563 1176 626 Muellerus
1200 563 1252 648 (Pl.
1268 566 1316 626 Pr.
1335 584 1368 644 p.
1389 563 1473 645 545)

301 665 358 728 has
381 666 460 728 duas
483 668 688 728 coniecturas:

468 767 658 846 Pordmoest‚
684 768 764 851 quod
786 777 871 831 4444
893 769 1035 850 Demipho
1057 770 1184 832 44444
1204 773 1264 832 ret

372 947 373 950 Ἴ
418 880 449 933 44
472 869 661 950 Ρ444444444,
687 871 767 951 quod
790 881 875 934 4444
897 872 1038 952 Demipho
1059 875 1121 933 ret
1141 873 1281 934 molae.

302 971 404 1054 Atque
420 975 571 1055 posterior
590 973 726 1053 quidem,
753 974 808 1037 ubi
830 975 944 1053 uesoio,
971 983 1077 1038 utrum
1093 975 1141 1036 rei
1161 975 1211 1036 uir
1233 973 1342 1036 dootus
1366 993 1475 1055 spon-

302 1077 396 1140 deum
418 1095 459 1138 au
483 1077 622 1140 iambum
644 1095 779 1156 aequom
801 1077 944 1156 uoluerit,
972 1076 1098 1138 reicitur
1119 1076 1266 1156 loquendi
1289 1096 1351 1138 usu
1370 1077 1474 1138 Plau-

302 1182 385 1257 tino;
417 1198 489 1242 nam
512 1198 584 1241 oum
611 1181 697 1242 4444
718 1197 769 1240 res
798 1181 838 1240 sit
866 1181 956 1258 quasi
986 1198 1085 1241 unum
1113 1179 1246 1241 uerbum
1276 1189 1307 1241 et
1334 1179 1472 1242 eandem
1528 1209 1533 1216 ·

302 1283 417 1344 hebeat
438 1283 690 1362 significationem
713 1290 806 1361 atque
828 1281 975 1360 44444.
993 1280 1087 1363 (unde
1110 1280 1225 1343 factum
1248 1291 1311 1361 est,
1345 1291 1382 1343 ut
1405 1281 1471 1344 diei

302 1395 409 1466 posset
429 1404 543 1466 44944
564 1385 646 1445 molo
667 1401 734 1462 rer,
768 1385 909 1445 444444
931 1383 1014 1446 malo
1036 1383 1109 1465 res),
1137 1403 1259 1465 semper
1279 1385 1363 1447 eluet
1384 1385 1473 1446 4444

302 1507 352 1550 res
367 1487 451 1568 apud
466 1487 618 1564 Plautum,
644 1488 733 1548 ouius
748 1486 917 1548 uerborum
934 1486 1050 1548 ordinis
1069 1496 1145 1548 suut
1159 1489 1333 1550 testimonia
1349 1485 1466 1568 Amph.

304 1590 377 1654 327.
411 1589 497 1652 Asin.
525 1591 576 1650 44.
603 1591 676 1652 288.
705 1589 776 1649 rto.
810 1586 881 1650 Aul.
907 1590 946 1651 444
968 1591 997 1667 6,
1027 1590 1076 1653 45.
1111 1590 1217 1651 4444444.
1245 1592 1339 1653 4442.
1373 1593 1466 1670 Gapt.

303 1690 378 1755 877.
405 1694 474 1754 (444.
495 1693 519 1753 44
534 1694 565 1770 3,
587 1693 637 1753 42.
658 1692 733 1753 cist.
753 1693 810 1770 13,
833 1692 882 1754 42.
909 1691 999 1772 Epid.
1019 1693 1076 1769 44,
1098 1691 1148 1753 72.
1175 1693 1252 1753 Men.
1273 1695 1346 1754 406.
1371 1694 1465 1755 Mero.

307 1794 406 1877 (4400).
433 1796 505 1856 646.
531 1796 616 1855 Most.
644 1793 718 1858 867.
752 1795 812 1855 Mil.
841 1794 913 1856 474.
945 1795 1035 1856 Poen.
1062 1794 1073 1854 1
1097 1795 1126 1873 2,
1154 1795 1205 1858 82.
1231 1796 1322 1873 4444,
1349 1796 1401 1856 36.
1430 1797 1471 1857 444

304 1901 334 1978 2,
362 1899 413 1958 54.
440 1899 477 1959 1v
500 1899 530 1974 2,
559 1897 630 1958 406.
656 1897 682 1958 V
704 1899 733 1975 2,
763 1897 834 1959 438.
860 1899 886 1958 V
908 1899 938 1976 5,
966 1897 1017 1958 37.
1043 1898 1133 1959 Persa
1157 1899 1230 1960 288.
1256 1895 1368 1959 Pseud.
1387 1899 1464 1960 234.

305 2001 378 2061 454.
407 1999 478 2061 770.
502 2000 593 2060 4006.
621 1999 701 2062 Rud.
728 1999 765 2060 444
789 2001 818 2077 3,
847 2001 897 2063 42.
924 2001 1006 2061 Trin.
1026 1999 1099 2061 4454.
1121 2000 1214 2061 4045.
1242 2003 1331 2062 Truo.
1351 2002 1385 2078 V,
1410 2001 1464 2062 45.

309 2104 438 2185 (Phorm.
471 2102 543 2161 030.
575 2103 655 2164 Ε44.
683 2103 756 2163 536.
788 2100 885 2162 Andr.
912 2102 985 2163 347.
1020 2103 1127 2164 Heaut.
1155 2101 1242 2185 280).
1284 2103 1396 2164 Contra
1419 2121 1471 2165 res

304 2205 387 2267 4444
407 2222 471 2266 uno
493 2213 614 2269 tautum
637 2205 701 2266 looo
722 2207 855 2266 occurrit
877 2206 964 2285 Capt.
990 2205 1069 2268 202;
1099 2208 1135 2267 ln
1155 2208 1192 2267 re
1212 2205 1296 2270 4444
1317 2207 1418 2267 orioro
1437 2208 1470 2267 44

306 2308 379 2369 bono
405 2315 504 2381 utare,
536 2305 712 2388 6444444441).Ι
743 2309 848 2387 itaquo
871 2307 966 2368 444444
988 2308 1111 2369 illarum
1138 2309 1383 2370 oouiooturarum
1410 2309 1469 2368 uix

305 2418 444 2470 constare
465 2411 586 2488 poterit.
627 2409 689 2472 Sed
712 2412 802 2471 etiam
825 2411 918 2489 prior,
945 2427 1025 2488 quoe
1047 2409 1156 2472 eodem
1180 2412 1302 2471 nomine
1324 2411 1468 2471 excusari

305 2514 413 2592 possit,
440 2529 502 2590 quo
524 2529 618 2592 supra
641 2531 753 2574 uersus
777 2514 808 2572 in
831 2512 944 2572 44444
959 2531 1078 2574 crucem
1092 2521 1124 2574 et
1139 2513 1217 2576 bono
1236 2513 1294 2594 fide
1314 2522 1469 2575 exeuntes

307 2613 514 2692 defendimus,
534 2624 601 2676 tum
617 2614 770 2676 reicienda
786 2623 843 2692 est,
863 2613 917 2674 ubi
933 2615 1031 2676 leuior
1045 2614 1232 2677 emendandi
1248 2617 1300 2677 uia
1315 2615 1465 2696 aperitur.

305 2715 407 2798 Atque
430 2735 504 2779 sane
527 2716 670 2796 displicet
691 2717 775 2798 quod
796 2718 987 2798 seripserunt
1008 2717 1210 2780 Ritsohelius:
1239 2717 1392 2780 Pordmoe
1415 2717 1469 2778 444

306 2827 349 2882 444
378 2829 409 2881 44
430 2821 659 2882 Lachmannus:
696 2819 876 2882 Pordmoest
897 2818 947 2896 id,·
978 2821 1043 2880 ueri
1072 2828 1176 2881 autem
1206 2820 1398 2884 simillimum
1421 2829 1469 2880 ost

306 2923 364 2984 hoo
385 2922 457 2985 olim
480 2921 577 2985 fuisso
717 2991 721 2998 ,
1330 2919 1331 2926 ¹

475 3024 628 3087 Pordoroe
650 3027 688 3087 sit
709 3025 810 3085 marae
829 3025 885 3102 rei,
912 3023 991 3105 qood
1015 3031 1098 3085 4444
1120 3022 1273 3104 Demipho,

473 3130 515 3190 Ni
534 3127 726 3208 sdmptuosus
748 3129 872 3208 insuper
894 3129 984 3188 etr'dm
1005 3128 1084 3188 siet?
1105 3161 1147 3174 -

393 3227 463 3291 Aur.
490 3248 552 3310 arg.
579 3230 603 3290 44
629 3231 640 3289 4
669 3248 813 3306 uersum,
847 3238 883 3290 ut
908 3237 956 3290 ost
983 3231 1015 3289 in
1042 3228 1129 3289 libris
1150 3227 1297 3306 traditus,
1331 3227 1468 3291 hiatibus

306 3334 503 3412 insignitum:
531 3331 639 3394 444444
653 3335 805 3414 repertam
823 3330 896 3392 adri
905 3332 1028 3412 plo'oom
1041 3330 1145 3392 Edelio
1160 3330 1345 3396 Ritsohelius
1365 3333 1424 3412 (op.
1444 3333 1469 3391 Π

306 3455 338 3515 p.
367 3434 438 3517 447)
466 3435 549 3496 huno
571 3434 635 3496 fero
657 3435 689 3495 in
712 3434 839 3496 modum
862 3433 1071 3514 supplendum
1095 3452 1163 3495 esse
1187 3433 1390 3495 existimauit:

436 3537 547 3599 Auldrn
569 3547 720 3617 repertam
739 3537 861 3618 plenem
884 3538 957 3597 ouri
977 3535 1092 3598 rocta·
1098 3539 1114 3597 6
1136 3538 1265 3598 444444.

305 3640 377 3719 Sed,
404 3639 559 3720 siquidem
583 3648 631 3700 est
652 3658 762 3720 operae
784 3640 920 3719 pretium
942 3640 1026 3700 huno
1048 3657 1176 3706 uersum
1200 3639 1379 3718 sollicitere,
1415 3642 1470 3701 ni-

377 3830 482 3890 44444444
494 3842 604 3884 uersum
615 3832 772 3894 corruptum
788 3840 849 3882 esse
861 3841 894 3880 oo
907 3827 1012 3882 tocilius
1023 3827 1122 3891 aliquis
1134 3827 1258 3890 coniciet,
1279 3828 1351 3891 quod
1371 3829 1398 3878 iu
1412 3828 1471 3882 4444

306 3914 445 3965 simillimo
469 3915 564 3965 Pseud.
586 3917 650 3964 4544
679 3916 764 3967 Bonos
789 3916 893 3964 444444
915 3916 943 3962 tn
966 3914 1036 3962 4444
1054 3925 1083 3963 re
1101 3913 1259 3962 4444444444
1276 3915 1339 3963 orote·
1356 3914 1470 3964 usitatus

308 3999 454 4049 uerborum
473 3999 540 4050 ordo
558 3999 668 4063 legitur3
690 4001 774 4065 possit
786 3999 850 4049 olim
864 3999 960 4050 fuisse:
981 3999 1072 4048 44444
1090 4000 1118 4046 tn
1135 4000 1205 4048 4444
1222 4011 1252 4048 re
1270 3999 1294 4047 44
1306 3999 1370 4048 bono
1383 4003 1468 4061 utare,
1548 3993 1549 3997 ’

307 4086 417 4136 adiuuat
433 4085 492 4135 uel:
508 4086 578 4135 Bono
590 4087 619 4134 44
631 4087 700 4135 mola
718 4100 747 4135 re
765 4089 790 4136 44
806 4090 997 4144 animatore,
1020 4086 1137 4134 ddiuuot.
1158 4085 1237 4133 Mero.
1255 4087 1303 4132 433
1322 4083 1342 4132 Β
1360 4084 1472 4162 praebet

306 4183 349 4224 ros
366 4172 445 4240 4444,
467 4171 514 4230 sed
533 4172 560 4230 in
579 4171 660 4231 CDFZ
679 4175 721 4224 est
738 4175 810 4225 reete
828 4173 895 4222 4444
912 4185 957 4222 reo
970 4193 1002 4215 =
1014 4171 1099 4220 metae
1116 4181 1168 4230 ros,
