3176 5028
340 422 361 482 4
777 415 928 481 Avovsrvs
944 422 1054 481 Lvons.

339 587 545 670 pariambum.
573 622 611 634 -
636 589 679 648 De
706 589 836 650 iambico
863 590 993 669 tragico:
1019 588 1170 650 iambicus
1196 588 1348 666 tragicus:
1379 588 1436 664 hic,
1466 597 1499 646 ut

340 693 463 772 grauior
477 693 563 752 iuxta
579 691 725 752 materiae
740 690 864 769 pondus
879 701 971 770 esset,
990 710 1115 771 semper
1126 691 1234 770 quinto
1249 689 1314 751 loco
1330 689 1498 768 spondeum

342 795 459 875 recipit,
479 794 567 855 aliter
581 794 663 854 enim
680 811 748 853 esse
764 813 825 854 non
840 796 941 874 potuit
955 796 1102 874 tragicum
1128 802 1227 854 cetera
1244 794 1321 854 ratio
1337 793 1498 872 superioris

341 897 464 958 iambici
478 898 511 957 in
526 897 582 957 hoc
598 896 793 958 obseruanda
808 906 880 958 est».
904 935 943 944 -
960 899 1041 959 llaec
1055 915 1117 958 non
1134 898 1235 958 omnia
1251 905 1333 958 recte
1349 913 1417 956 esse
1440 913 1498 954 ex-

264 1019 266 1025 ’
339 1002 438 1080 posita
454 999 633 1062 facillimum
649 1008 697 1060 est
711 999 885 1062 intellectu:
915 1001 1121 1080 nequeenim
1144 999 1229 1060 ullus
1250 1016 1388 1078 unquam
1411 1007 1496 1077 poeta

339 1104 474 1165 comicus
486 1105 643 1163 Romanus
658 1101 737 1163 illud
752 1103 891 1182 religiose
903 1120 1026 1184 semper
1038 1101 1228 1181 obseruauit,
1248 1112 1283 1163 ut
1298 1101 1375 1163 solis
1390 1099 1497 1179 dispa-

340 1208 427 1269 ribus
450 1205 579 1267 sedibus
602 1206 715 1266 senarii
738 1205 911 1285 spondeum
934 1225 990 1286 pro
1020 1205 1124 1294 iambo
1146 1205 1335 1281 admitteret;
1368 1203 1497 1265 sescenti

340 1328 452 1372 uersus
467 1309 597 1370 Plautini
613 1310 693 1369 hanc
715 1308 813 1387 legem
835 1309 954 1370 nullam
970 1309 1066 1370 fuisse
1089 1308 1265 1370 ostendunt.
1299 1305 1416 1369 Deinde
1436 1307 1496 1366 rni—

340 1415 422 1474 nime
437 1422 486 1474 est
500 1413 567 1473 uen‘
582 1411 681 1473 simile
696 1412 849 1472 Romanos
871 1414 932 1472 iam
945 1413 1007 1472 illo
1029 1421 1177 1492 tempore,
1203 1429 1264 1491 quo
1279 1419 1404 1491 coeptae
1426 1417 1497 1470 suut

340 1515 464 1577 [abulae
479 1515 592 1594 doceri,
618 1513 696 1575 illud
713 1514 753 1576 de
769 1533 831 1595 quo
845 1517 1062 1596 grammaticus
1078 1517 1205 1596 exponit
1219 1514 1324 1575 comici
1347 1523 1378 1574 et
1394 1512 1497 1592 tragici

339 1618 461 1680 iambici
483 1615 649 1678 discrimen
672 1619 864 1698 cognouisse,
891 1629 927 1680 ut
948 1619 1057 1679 comici
1079 1619 1191 1680 senarii
1212 1637 1269 1698 pes
1289 1617 1497 1696 paenultimus

339 1740 396 1802 pro
410 1720 513 1781 iambo
528 1720 684 1799 spondeus
700 1740 769 1782 esse
784 1732 898 1802 posset,
917 1722 1020 1802 tragici
1037 1740 1159 1802 semper
1174 1739 1242 1782 esse
1258 1719 1403 1781 deberet:
1430 1719 1497 1798 quis

340 1824 421 1886 enim
444 1840 558 1902 negare
580 1822 695 1886 audeat
717 1835 797 1887 recte
820 1844 853 1886 se
868 1824 982 1886 habere
998 1826 1054 1886 hos
1070 1825 1160 1885 Ennii
1177 1834 1208 1885 et
1221 1824 1346 1884 Pacuuii
1368 1839 1493 1884 uersus:

339 1925 483 2008 Eaesorpe
509 1944 622 2006 praeco
648 1923 702 2005 foc
728 1927 838 2008 populo
868 1927 1067 1990 audientiam.
1109 1963 1147 1972 -
1183 1926 1362 2010 Quadrupes
1396 1924 1497 1986 tardi-

338 2029 441 2112 prodo
456 2030 585 2110 aprostis
600 2027 723 2092 tumltu
738 2033 888 2112 clepera?
928 2029 990 2092 Sed
1005 2031 1125 2091 etiamsi
1141 2031 1257 2090 errauit
1270 2029 1493 2109 grammaticus,

340 2151 400 2192 non
417 2131 529 2193 idcirco
545 2133 657 2212 omnia,
683 2151 763 2212 quae
778 2132 882 2212 tradit,
902 2134 1047 2198 continuo
1062 2133 1223 2194 abicienda
1247 2142 1336 2194 sunt:
1363 2150 1434 2192 uam
1449 2131 1496 2190 lex

339 2235 391 2296 illa
414 2233 452 2295 de
475 2233 554 2314 pede
577 2237 685 2315 quinto
707 2237 820 2298 senarii
843 2244 905 2297 tam
929 2239 1005 2298 mira
1028 2247 1076 2297 est
1105 2247 1137 2298 et
1161 2245 1321 2316 tantopere
1343 2234 1496 2296 recedita

340 2339 524 2399 Graecorum
547 2339 736 2420 rationibuS,
769 2349 805 2400 ut
826 2358 889 2399 non
911 2341 1009 2420 possit
1030 2338 1115 2400 nullo
1137 2339 1193 2400 niti
1216 2339 1436 2416 fundamento,
1468 2346 1497 2398 et

339 2443 431 2503 etiam
454 2439 486 2501 id
508 2441 592 2521 quod
614 2441 654 2503 de
675 2443 790 2503 comico
812 2444 933 2504 senario
955 2443 1106 2524 proponit,
1132 2440 1224 2502 modo
1240 2451 1320 2502 recte
1343 2444 1497 2520 interpre-

339 2554 451 2623 temur,
477 2554 559 2606 stare
574 2544 704 2606 sortasse
718 2546 839 2624 poterit.
865 2546 1030 2624 Postquam
1046 2547 1128 2606 enim
1144 2545 1241 2606 uerba
1256 2545 1307 2605 illa
1324 2543 1364 2605 ad
1378 2553 1497 2606 ueteres

339 2657 445 2728 poetas
460 2665 562 2726 neque
578 2648 707 2728 tragicos
723 2666 825 2727 neque
840 2651 970 2709 comicos
985 2647 1125 2710 adhiberi
1141 2667 1232 2728 posse
1246 2648 1394 2725 uidimus,
1420 2667 1497 2726 quae

339 2751 432 2812 tradit
447 2751 665 2830 grammaticus
679 2750 718 2811 de
737 2752 880 2813 uersibus
896 2752 1045 2830 iambicis,
1065 2763 1119 2814 aut
1140 2752 1179 2814 de
1196 2753 1317 2814 Graecis
1336 2760 1410 2813 sunt
1432 2761 1497 2812 tra-

338 2854 400 2916 dita
424 2864 479 2915 aut
492 2854 532 2915 de
547 2855 591 2914 eis
607 2855 815 2914 Romanorum
832 2854 956 2932 fabulis,
976 2874 1055 2934 quae
1069 2855 1291 2936 posterioribus
1308 2855 1497 2936 temporibus

339 2960 364 3018 si
388 2976 449 3016 non
473 2955 665 3018 docebantur
687 2967 790 3017 tamen
813 2957 1003 3036 legebantur.
1045 2957 1147 3040 Atque
1169 2958 1247 3021 illud
1273 2978 1344 3020 cum
1374 2967 1497 3038 propter

339 3061 438 3139 ipsam
462 3078 525 3118 rem
550 3069 631 3120 stare
655 3075 716 3118 non
739 3062 845 3136 possit,
872 3061 929 3120 hoc
950 3080 985 3122 eo
1009 3063 1105 3140 magis
1128 3063 1194 3124 ueri
1217 3063 1252 3122 lit
1273 3062 1389 3137 simile,
1417 3057 1497 3140 quod

339 3172 446 3243 poetas
462 3163 592 3240 tragicos
608 3161 667 3221 illis
683 3163 884 3248 temporibus,
912 3163 1026 3242 quibus
1042 3166 1135 3250 Roma
1152 3164 1192 3226 ab
1208 3165 1391 3245 imperatore
1406 3183 1498 3243 rege-

339 3265 441 3342 batur,
468 3282 597 3324 reuera
621 3270 650 3323 in
674 3265 787 3326 senarii
809 3265 888 3345 pede
911 3268 1018 3346 quinto
1041 3286 1103 3328 non
1125 3267 1287 3328 admisisse
1317 3268 1377 3328 nisi
1400 3286 1498 3346 spon-

339 3368 431 3428 deum
456 3367 699 3428 luculentissime
721 3368 890 3430 ostendunt
912 3389 966 3430 cae
996 3369 1137 3448 fabulae,
1171 3389 1253 3451 quae
1283 3369 1344 3432 sub
1366 3371 1498 3431 Senecae

339 3473 461 3532 nomine
483 3469 754 3550 circumferuntur:
781 3471 813 3540 in
835 3472 884 3532 his
906 3473 999 3550 enim,
1026 3475 1052 3533 si
1074 3474 1236 3553 sequimur
1255 3473 1404 3534 librorum
1432 3493 1498 3533 me-

340 3575 477 3651 moriam,
504 3572 626 3634 iambus
649 3591 712 3633 non
732 3564 868 3652 'amplius
889 3593 945 3636 sex
968 3576 1042 3637 locis
1064 3576 1187 3637 obuiam
1211 3577 1259 3637 fit:

468 3676 592 3754 Thyest.
622 3675 680 3734 llo
694 3697 706 3768 ;Δ
726 3678 793 3738 lom
810 3679 910 3739 Lorne
925 3685 1005 3740 retro
1021 3681 1109 3742 cessit
1123 3688 1151 3742 et
1167 3680 1354 3742 Phoronides.

469 3776 578 3839 Troad.
621 3779 701 3840 203:
729 3781 882 3860 Desponsa
897 3782 1008 3860 nostris
1023 3782 1173 3844 cineribus
1189 3783 1355 3867 Poly'oeeno.

466 3880 542 3941 Med.
606 3880 697 3968 ⁴7l2:
724 3881 859 3962 Sparsos
875 3903 984 3946 onore
1002 3883 1155 3968 Cooccsns
1170 3886 1347 3947 Promethei.
1460 3957 1463 3962 ,

467 3984 554 4042 Herc.
566 3983 602 4043 0.
615 3985 695 4042 808:
722 3986 852 4066 Eaecopit
866 3989 960 4072 omnis
977 3987 1045 4070 binc
1056 3997 1163 4068 petrae
1180 3988 1369 4068 Copberides.

467 4085 575 4146 Troad.
594 4087 694 4146 ⁴090:
720 4087 775 4147 His
792 4089 858 4150 olto
872 4107 966 4170 repes
981 4087 1067 4150 coins
1083 4091 1114 4152 in
1130 4089 1293 4152 eonomine.

466 4187 545 4248 Med.
616 4188 696 4248 oto:
724 4191 831 4251 Phoebi
845 4198 962 4270 nepotes
978 4193 1099 4274 Sisyphi
1113 4194 1276 4272 nepotibus.
