3116 5020
305 403 368 466 282
734 411 886 470 Ennianos
909 411 1033 470 Breuni.

306 576 501 658 Quamquam
525 598 587 640 non
603 581 706 660 ignoro
729 579 828 659 socios
844 581 923 642 maie
947 578 1129 656 desiderari,
1155 588 1271 654 tamen,
1298 577 1446 656 quominus

304 677 404 756 socios
425 699 481 760 pro
502 684 585 744 sodes
607 683 757 760 scribam,
784 683 816 744 id
840 703 890 744 me
912 683 1052 763 impedit,
1078 680 1162 761 quod
1184 679 1305 741 facilius
1324 678 1414 759 socios
1432 699 1446 739 a

305 781 480 862 glossatore,
506 787 559 864 qui
583 785 640 846 hae
661 788 850 850 ooniunotiui
873 786 972 866 eiiipsi
996 782 1211 864 offenderetur,
1238 781 1310 843 addi
1331 791 1442 861 poterat.

761 1005 775 1024 .
868 974 903 1056 B)

391 1077 588 1162 interrogatio
598 1076 715 1158 pendet
725 1097 766 1140 ex
778 1077 884 1154 oudin,
894 1072 1440 1156 ser'ngenuinisinterrogationibus:

391 1178 424 1238 In
455 1177 515 1240 iliis
537 1182 706 1242 enuntiatis
736 1181 964 1259 interrogatiuis
994 1177 1150 1254 omnibus,
1184 1195 1265 1256 quaa
1294 1195 1333 1240 ex
1353 1175 1443 1250 audio,

304 1279 405 1355 uideo,
432 1281 494 1342 scia
516 1281 662 1360 pendent,
693 1285 720 1344 is
742 1285 796 1361 qui
818 1284 984 1362 interrogat
1005 1298 1189 1361 responsum
1216 1299 1278 1340 non
1304 1287 1443 1358 expectat:

304 1383 361 1442 soit
383 1385 465 1442 onim
489 1384 576 1445 iilum
599 1393 653 1446 aut
675 1383 900 1450 affirmaturum
931 1403 1001 1446 esse
1036 1382 1085 1466 (ad
1103 1381 1221 1468 voudin,
1252 1381 1339 1444 uideo
1360 1383 1450 1460 inter7

303 1486 486 1565 rogationes)
514 1496 568 1549 aut
583 1498 768 1568 negaturum
791 1487 840 1569 (ad
855 1490 919 1550 sciit
935 1482 1229 1567 interrogationem).
1270 1485 1373 1562 ltaque
1389 1501 1452 1544 oum

305 1590 336 1648 in
360 1589 408 1650 his
431 1589 583 1669 exemplis
605 1592 800 1653 enuntiatum
823 1591 1006 1672 primarium
1027 1608 1089 1650 non
1105 1600 1169 1650 tam
1183 1605 1276 1648 uerae
1291 1588 1455 1665 interroga-

303 1692 395 1754 tionis
418 1711 546 1754 munere
576 1685 731 1772 iungatur,
762 1711 857 1772 quam
886 1692 950 1756 iere
980 1692 1157 1774 imperatiui
1185 1691 1284 1756 looum
1314 1688 1454 1766 obtineat,

305 1791 491 1856 indicatiuus
513 1796 692 1873 requiritur.
728 1797 840 1858 Contra
862 1799 890 1861 si
905 1798 1100 1858 enuntiatum
1118 1794 1372 1872 interrogatiuum
1393 1793 1460 1872 pri-

306 1899 439 1960 marium
462 1916 495 1958 re
518 1915 591 1958 uera
615 1900 748 1976 genuina
771 1900 967 1978 interrogatio
990 1908 1047 1976 est,
1073 1897 1112 1959 ad
1129 1915 1223 1976 quam
1239 1895 1317 1957 alter
1330 1913 1460 1975 respon-

298 1981 380 2060 'dere
403 1999 538 2077 iubetur,
565 1998 676 2078 idest,
702 2003 728 2062 si
752 2003 823 2080 quis
845 2011 1007 2083 propterea
1030 2004 1206 2080 interrogat,
1232 2000 1305 2078 quia
1328 1996 1457 2075 dubitat,

305 2121 382 2166 num
405 2103 482 2164 aiter
497 2101 539 2180 id,
565 2103 649 2182 quod
664 2104 834 2183 quaeritur,
862 2104 977 2177 audiat.
1003 2106 1090 2178 scitu,
1117 2103 1229 2178 uideat,
1255 2101 1463 2164 inenuntiato

305 2207 521 2284 interrogation
544 2205 726 2268 secundario
748 2208 1036 2270 otoniunotiuus
1057 2207 1194 2286 ponitur.
1243 2204 1275 2265 ln
1298 2205 1464 2266 enuntiatis

288 2311 398 2388 igitur
420 2327 459 2368 ex
482 2307 585 2386 oridr'n,
612 2307 713 2386 uideo,
739 2311 802 2370 sctit
824 2307 1035 2390 pendentibus
1057 2311 1139 2369 inter
1160 2326 1213 2386 ea,
1240 2325 1322 2386 quae
1343 2305 1464 2367 indioa-

304 2413 417 2490 tiuum,
443 2421 476 2474 et
495 2430 542 2489 ea,
568 2429 648 2490 quae
670 2413 902 2477 eoniunotiuum
923 2411 1085 2497 praebent,
1110 2410 1174 2473 iere
1194 2409 1277 2476 idem
1298 2408 1465 2475 discrimen

306 2513 481 2593 interordit,
513 2512 597 2594 quod
621 2515 701 2576 iuter
721 2517 881 2579 enuntiata
904 2516 1139 2594 interrogatiua,
1166 2532 1247 2592 quae
1268 2531 1310 2576 ex
1331 2512 1381 2576 dio
1402 2513 1466 2580 imr

305 2619 445 2698 peratiuo
468 2625 500 2677 et
520 2635 566 2695 ea,
592 2635 673 2695 quae
693 2637 734 2678 ex
758 2619 869 2680 diciano
890 2619 1126 2698 interrogatione
1148 2635 1301 2697 suspensa
1324 2625 1410 2680 sunt.

394 2719 421 2801 t)
449 2721 645 2799 iuterrogatio
666 2720 783 2800 pendet
805 2740 845 2784 ex
867 2721 961 2782 audio
982 2722 1143 2783 enuntiato
1164 2720 1325 2800 primario:

305 2829 372 2884 Ter.
403 2829 471 2884 Heo.
500 2831 538 2884 76
579 2822 608 2903 (1,
645 2834 672 2894 2,
707 2827 734 2901 t)
766 2827 861 2886 Senem
882 2830 908 2882 si
928 2836 1041 2901 quaeret
1060 2845 1111 2895 are,
1134 2827 1217 2886 modo
1240 2829 1297 2884 isse
1317 2827 1403 2888 dieite

768 2932 811 2987 Ad
821 2938 936 3004 portum
946 2938 1140 3008 percontatum
1152 2934 1304 2990 aduentum
1312 2929 1464 3004 Pompam.

768 3033 873 3102 tuan,
884 3035 954 3105 quid
961 3035 1064 3105 dicam,
1081 3032 1194 3092 Seirte?
1208 3035 1414 3107 requireretur,
1425 3033 1467 3090 ati

768 3137 838 3192 Tum
853 3137 946 3194 dieas:
971 3140 997 3194 si
1010 3155 1068 3194 ooo
1083 3144 1208 3210 quaeret,
1231 3136 1326 3192 aulius
1348 3137 1463 3196 diaetis.

305 3231 442 3310 Apparet
470 3233 503 3296 in
537 3233 594 3294 hoe
625 3234 768 3314 exemplo
801 3251 1003 3315 personarum
1032 3233 1243 3299 eondioionern
1276 3233 1369 3298 aliam
1398 3251 1466 3296 esse

305 3345 397 3414 atque
420 3336 452 3395 in
475 3337 521 3396 eis
544 3337 705 3417 exemplis,
730 3335 768 3398 de
791 3335 907 3416 quibus
931 3354 1024 3417 supra
1046 3356 1115 3417 pag.
1135 3335 1191 3399 ott
1220 3335 1462 3415 disputauimus.

304 3438 452 3500 Parmeno
471 3439 573 3518 enim,
600 3441 654 3517 qui
677 3440 822 3519 loquitur,
847 3441 927 3502 seine
949 3439 1027 3517 uuit,
1054 3450 1161 3506 utrum
1184 3439 1312 3518 Seirtus,
1338 3458 1413 3506 eum
1435 3440 1465 3508 iu

305 3559 414 3602 soaena
438 3559 500 3606 uon
521 3541 613 3622 adsit,
632 3541 687 3606 sed
709 3543 824 3624 inipso
846 3542 939 3606 domo
961 3551 1114 3622 uersetur‚
1141 3541 1184 3621 id,
1211 3539 1296 3622 quod
1317 3542 1464 3604 Parmeno

303 3645 447 3722 iusserat,
474 3643 640 3724 audiuerit,
667 3664 773 3711 neone.
850 3725 851 3728 Ἴ

393 3745 421 3828 2)
450 3748 647 3828 interrogatio
669 3748 787 3828 pendet
808 3768 847 3810 ex
870 3751 934 3810 scio
956 3749 1114 3810 enuntiato
1137 3748 1299 3828 primario:

306 3855 372 3912 Ter.
391 3854 492 3913 Heaut.
515 3861 573 3914 820
595 3854 666 3928 (1111,
688 3862 716 3925 6,
739 3858 788 3928 to)
814 3859 875 3914 lom
897 3875 955 3914 aon
976 3874 1040 3912 sum
1061 3859 1162 3912 iratos.
1188 3855 1238 3911 sed
1258 3855 1332 3923 soin,
1362 3854 1468 3911 ubisit
1549 3909 1550 3930 ἶ

855 3976 929 4016 amor
952 3959 1002 4016 tibi

812 4063 872 4118 Tua
895 4061 1033 4119 Boeotiis?
1048 4053 1061 4140 ΙΙ
1076 4049 1158 4135 Apud
1182 4078 1246 4118 nos.
1263 4053 1370 4140 uitiosa
1387 4053 1403 4143 fl
1421 4061 1469 4122 Vit'

855 4157 972 4246 erpuiss
987 4163 1069 4240 Apud
1089 4164 1223 4226 ettotam.
