3126 5028
145 1518 297 1628 Plerique
319 1567 436 1626 eorum,
465 1548 518 1626 qui
541 1566 642 1626 nuper
662 1547 871 1608 institutiones
892 1550 1106 1626 grammaticas
1128 1567 1217 1609 oom-

66 1661 246 1729 posucrunt,
281 1670 352 1712 cum
383 1647 556 1712 scholarum
579 1651 725 1711 rationem
749 1649 916 1726 haberent,
949 1669 1055 1711 eorum
1078 1652 1219 1730 inprimis

66 1753 252 1830 scriptorum,
279 1771 357 1831 quos
380 1754 521 1814 classicos
537 1752 692 1831 appellare
707 1754 937 1830 consueuimus,
964 1753 1110 1831 loquendi
1125 1772 1219 1814 usum

64 1853 101 1913 ite
128 1855 354 1934 respiciebant,
388 1865 423 1916 ut
451 1853 606 1934 quidquid
627 1871 698 1915 cum
720 1855 773 1915 illo
795 1873 856 1914 non
879 1857 1070 1932 conueniret,
1105 1857 1136 1915 in
1158 1875 1220 1915 ex-

65 1958 237 2035 ceptionum
267 1971 397 2019 numero
426 1957 586 2018 baberent.
634 1956 735 2036 Atque
757 1957 832 2018 haec
855 1958 945 2036 ratio,
979 1976 1072 2036 quam
1095 1977 1166 2018 cum
1189 1959 1220 2018 in

65 2058 230 2122 formarum
263 2061 401 2122 doctrina
434 2070 501 2121 turn
535 2062 567 2120 in
601 2060 741 2137 syntaxis
772 2059 976 2139 descriptione
1006 2062 1104 2122 secuti
1133 2070 1217 2139 sunt,

65 2161 236 2224 scholarum
265 2165 337 2224 usui
363 2164 525 2240 satisfecit,
558 2162 734 2240 linguarum
763 2163 908 2223 scientiae
935 2163 1078 2224 sufficere
1100 2166 1218 2243 nequit,

63 2266 173 2346 quippe
208 2268 300 2328 cuius
333 2267 373 2326 sit
404 2267 528 2344 plenam
562 2266 655 2326 totius
685 2267 807 2344 linguae
837 2267 1039 2345 cognitionem
1071 2277 1218 2346 repetere,

64 2383 153 2443 quam
181 2387 246 2429 non
268 2387 511 2447 consequemur,
544 2369 604 2428 nisi
626 2367 667 2428 ad
688 2369 875 2429 uetustiores
898 2386 1023 2448 quoque
1045 2371 1218 2449 scriptores,

64 2469 143 2546 apud
173 2490 254 2550 quos
286 2473 438 2532 nascentis
467 2471 587 2550 linguae
615 2469 780 2549 primordia
809 2480 840 2530 et
867 2490 1030 2533 successus
1060 2481 1219 2551 apparent,

65 2581 220 2653 tamquam
246 2574 287 2634 ad
310 2573 409 2634 fontes
431 2573 609 2652 posterioris
629 2592 707 2634 usus
730 2572 912 2635 redibimus,
960 2575 1062 2646 Quare
1084 2575 1224 2636 nonnulli

65 2677 120 2736 uiri
147 2675 232 2738 docti
254 2678 287 2737 in
304 2677 477 2738 -iormarum
499 2675 637 2738 doctrina
660 2675 875 2755 pertractanda
897 2678 987 2737 aliam
1010 2687 1104 2756 atque
1126 2687 1162 2738 ut
1183 2679 1224 2737 ite

66 2776 160 2838 dicam
192 2780 369 2842 historicam
397 2780 481 2840 uiam
512 2781 609 2840 secuti
632 2787 715 2840 sunt.
763 2778 900 2859 Apparet
920 2789 1025 2841 autem
1048 2781 1135 2840 utin
1158 2778 1226 2839 for-

65 2899 182 2942 marum
214 2881 353 2942 doctrina
391 2883 433 2942 ita
463 2883 494 2942 in
526 2883 651 2961 syntaxi
681 2899 805 2960 quoqne
835 2882 893 2942 hac
924 2883 1040 2941 ratione
1075 2882 1225 2943 utendum

64 3001 129 3044 esse
150 3003 259 3063 neque
281 2983 425 3044 sulficere
440 3001 513 3044 eum
529 2982 650 3044 dicendi
665 3002 757 3045 usum
773 2985 925 3062 exemplis
941 2983 1106 3062 illustrare,
1133 3003 1227 3064 quem

65 3086 166 3146 Cicero
198 3087 317 3165 quique
347 3105 419 3147 eum
443 3087 541 3148 secuti
565 3086 627 3147 siut
648 3087 851 3163 excoluerint,
884 3086 1002 3149 sedita
1026 3088 1128 3166 potius
1152 3106 1228 3148 uer-

63 3188 197 3250 sandum
229 3205 298 3249 esse
328 3190 360 3249 in
389 3191 530 3268 syntaxis
559 3188 681 3268 legibus
704 3188 870 3266 eruendis,
903 3199 939 3250 ut
961 3191 1061 3268 qualis
1085 3208 1228 3269 quaeque

64 3300 218 3353 structura
249 3309 307 3368 per
334 3293 473 3372 singulas
500 3291 594 3353 luerit
620 3292 742 3370 linguae
771 3300 902 3369 aetates,
938 3300 1170 3370 perscrutemur
1201 3302 1231 3352 et

64 3394 164 3454 uarias
195 3394 265 3454 eius
293 3393 408 3456 formas
439 3397 518 3455 inter
540 3414 574 3455 se
596 3384 802 3456 conle'ramus.
850 3394 1043 3476 Atqnccum
1067 3396 1098 3455 iu
1122 3396 1230 3455 ceteris

66 3495 207 3571 syntaxis
230 3497 374 3575 partibus
396 3496 620 3575 pertractandis
642 3497 700 3558 hac
721 3497 838 3558 ratione
860 3496 990 3557 feliciter
1005 3506 1137 3574 utemur,
1164 3505 1231 3556 tum

65 3598 209 3676 inprimis
234 3598 288 3658 ubi
311 3617 418 3660 earnm
441 3600 562 3679 legum,
589 3618 669 3678 quae
692 3601 723 3659 in
746 3598 932 3660 adhibendis
954 3598 1055 3659 modis
1078 3598 1233 3659 ualuerint
1322 3617 1327 3626 ·

66 3701 139 3760 aliae
163 3701 236 3762 aliis
259 3701 469 3780 temporibus,
496 3701 619 3780 plenam
642 3702 800 3762 scientiam
824 3702 984 3779 repetituri
1007 3719 1133 3778 sumus;
1160 3719 1233 3761 nam

64 3802 94 3862 in
129 3804 179 3864 his
215 3805 292 3881 ipsis
326 3804 447 3883 legibus
482 3803 626 3866 uariandi
658 3803 761 3865 studio
794 3805 891 3865 multa
925 3813 1111 3864 commutata
1145 3814 1228 3881 sunt,

66 3903 161 3966 donec
191 3905 235 3966 ad
257 3905 431 3968 absolutam
454 3907 537 3967 illam
561 3916 592 3968 et
614 3916 729 3966 certam
751 3906 897 3984 loquendi
920 3907 1069 3966 rationem
1092 3924 1233 3985 pernen·
1314 3989 1315 3994 ἵ

65 4017 128 4068 tum
152 4020 219 4086 est,
247 4027 341 4087 quam
365 4011 517 4070 Ciceronis
540 4019 638 4069 aetate
662 4010 765 4069 ualere
788 4017 917 4069 constat.
965 4007 1066 4086 Atque
1089 4008 1233 4086 equidem

66 4105 148 4172 nunc
170 4129 226 4172 eas
250 4111 325 4184 mihi
348 4110 431 4190 leges
450 4109 604 4172 eruendas
620 4112 777 4192 proposui,
804 4129 882 4189 quas
899 4111 1234 4190 ininterrogationibus

66 4213 203 4293 obliquis
227 4216 325 4274 secuti
348 4224 402 4275 aut
425 4214 626 4276 indicatiuum
649 4224 703 4275 aut
719 4213 950 4274 coniunctiuum
966 4213 1127 4292 posuerint
1140 4215 1232 4292 prisci

1039 4331 1077 4382 8*
