3086 5024
309 445 369 505 176
734 445 890 506 Ennianus
913 445 1037 504 Bienor.

392 615 422 696 bl
450 615 600 695 particula
622 633 671 674 ne:

308 723 395 776 Plauti
413 724 491 778 Pers
519 727 573 778 28l
608 717 651 797 (11,
682 724 710 789 l,
740 716 788 795 to)
832 723 944 776 Dicisne
968 723 1017 790 mi,
1045 719 1151 775 ubisit
1177 719 1313 775 Toaeilos?

415 825 518 881 Pseud.
548 829 584 880 l6
612 825 644 896 (l,
675 828 701 892 t,
734 819 780 900 tt)
830 821 946 879 Licetne
968 825 997 878 id
1019 826 1105 891 scire,
1130 823 1200 894 quid
1223 819 1306 893 sitl¹l

308 929 374 982 Ter.
416 929 520 1000 Hecyr.
541 931 599 984 873
623 920 662 1001 (V.
694 930 720 989 t,
750 927 799 996 33)
828 911 892 995 Ero,
925 927 1028 982 licetne
1056 928 1130 982 scire
1154 942 1189 980 ex
1219 932 1247 981 te
1270 925 1365 992 hodie,
1396 926 1460 995 qnid

872 1030 919 1098 sit,
946 1030 1022 1102 quod
1041 1027 1205 1103 scriboni?

394 1128 517 1189 Similes
539 1137 613 1188 sunt
635 1128 726 1188 etiam
750 1128 781 1188 hi
805 1145 932 1189 uersus:

308 1236 396 1291 Plauti
413 1237 491 1290 Pers.
513 1242 566 1292 tlt
594 1230 639 1312 (ll,
667 1240 693 1303 2,
725 1232 790 1308 39)
829 1234 903 1301 Quid
924 1233 987 1290 aas?
1009 1240 1185 1290 certumnest
1208 1234 1312 1302 celare,
1337 1250 1395 1304 quo
1417 1237 1463 1289 iter

431 1405 434 1412 ι
875 1338 971 1405 laciaS,
993 1337 1150 1410 pessumo?

416 1443 494 1498 Pers.
515 1446 574 1497 ΞΗ
596 1440 640 1512 (11,
669 1445 699 1508 t,
728 1442 776 1512 tu)
828 1437 1010 1496 Offirmastin'
1028 1440 1183 1508 occultare,
1209 1447 1310 1510 quote
1332 1441 1460 1506 inmittas,

873 1542 1031 1617 pessume?‚

307 1644 423 1724 quippe
445 1644 477 1703 in
501 1659 632 1722 quorum
656 1642 822 1703 enuntiatis
844 1641 999 1720 primariis
1022 1640 1224 1702 dubitationis
1248 1642 1330 1701 notio
1351 1641 1431 1702 insit.

393 1747 419 1826 ο)
447 1745 594 1826 particula
619 1746 727 1806 eliam:

309 1855 399 1911 Plauti
415 1854 493 1910 Pers.
522 1857 580 1909 278
611 1847 655 1928 (ll,
685 1855 713 1920 l,
742 1848 769 1927 7)
797 1853 888 1908 Etiam
911 1852 994 1918 dicis,
1019 1850 1138 1920 ubisit,
1164 1845 1336 1926 ueneficffl)

308 1971 379 2012 nam
403 1969 515 2012 sensus
537 1951 783 2030 interrogationis
806 1950 855 2010 hic
876 1959 941 2011 est:
975 1949 1075 2010 Etiam
1098 1949 1181 2024 dicu,
1214 1968 1256 2012 reu
1285 1969 1340 2009 non
1371 1949 1464 2010 dicas?

308 2057 501 2134 Quamquam
531 2052 600 2115 libn‘
631 2054 861 2115 coniunctiunm
892 2052 1058 2132 praebent,
1093 2060 1196 2112 tamen
1227 2052 1321 2112 Bothe
1345 2062 1466 2132 propter

308 2175 454 2218 numeros
473 2158 610 2237 scripsit:
641 2159 739 2217 Etiam
755 2155 831 2216 dicis
851 2154 939 2232 ubist,
967 2155 1118 2233 uenefice?
1133 2152 1146 2238 ))
1162 2155 1306 2232 Hetereio,
1333 2157 1463 2236 maioni,

308 2259 465 2322 ulmitra'bu
482 2267 523 2337 tu,
542 2278 677 2339 eumque
692 2269 817 2320 secutus
832 2267 880 2320 est
891 2257 1020 2318 Ritschl.
1046 2259 1107 2318 Nec
1122 2267 1224 2318 tamen
1239 2259 1465 2343 coniunctiuum

309 2371 430 2423 mutare
455 2363 542 2438 licet;
569 2382 640 2423 nam
663 2361 853 2424 indicatiuns
875 2362 915 2421 ito
940 2371 1059 2423 tantum
1075 2359 1147 2420 terri
1164 2370 1278 2440 posset,
1305 2361 1331 2421 si
1347 2362 1467 2422 Plautus

310 2466 483 2544 scripsisset
507 2466 604 2526 Etiam
627 2465 686 2542 dic,
712 2466 765 2526 ribi
786 2473 838 2526 est.
880 2463 974 2524 Nemo
997 2474 1100 2526 autem
1120 2464 1256 2543 negabit,
1282 2465 1349 2525 neri
1373 2465 1467 2526 simile

310 2587 379 2630 esse
401 2567 552 2648 Plautum,
579 2569 632 2647 qui
655 2588 726 2630 cum
749 2570 820 2651 quin
843 2567 994 2648 particula
1007 2566 1175 2630 secundam
1198 2585 1363 2648 personam
1387 2567 1467 2628 indi-

310 2672 401 2732 catini
424 2673 596 2752 praesentis
618 2673 804 2752 coniungere
820 2672 929 2733 solitus
952 2673 1001 2750 sit,
1028 2671 1158 2734 eandem
1174 2670 1303 2732 formam
1325 2689 1387 2730 non
1410 2672 1468 2731 im-

309 2777 485 2855 peratinum
509 2794 579 2836 cum
602 2779 691 2836 etiam
713 2775 863 2855 particula
886 2775 1100 2851 coniunxisse3
1121 2774 1205 2854 quod
1228 2774 1255 2835 si
1278 2774 1464 2848 conceditur,

310 2879 393 2937 omni
418 2877 507 2938 modo
530 2878 745 2939 coniunctinus
776 2877 955 2940 retinendus
984 2891 1041 2958 est,
1075 2897 1145 2941 cum
1176 2895 1288 2938 sensns
1312 2875 1394 2938 idem
1418 2880 1463 2953 sit,

310 2989 403 3058 atquc
427 2981 452 3042 si
475 2981 623 3059 scriptum
647 2992 729 3042 esset
751 2983 824 3064 quin
846 2981 945 3048 dicis?
968 2982 1019 3043 nel
1043 2982 1178 3044 diesne?

396 3083 462 3154 Qua
487 3102 519 3143 re
541 3083 732 3146 considerata
757 3083 925 3146 diiudicare
941 3103 1118 3164 possumus,
1145 3093 1250 3146 utrum
1273 3086 1303 3144 in
1320 3081 1420 3144 Andr.
1438 3103 1465 3143 u.

311 3186 372 3245 ste
403 3187 446 3265 (V,
473 3187 503 3264 2,
531 3185 560 3266 8)
588 3185 778 3248 restituendo
800 3187 896 3250 libros
920 3189 1121 3249 Terentianus
1144 3206 1184 3248 an
1207 3187 1360 3248 Donatum
1385 3189 1468 3265 sequi

311 3307 367 3348 nos
390 3307 468 3368 opus
491 3290 546 3349 sit:

311 3397 400 3452 llndr.
428 3401 489 3454 sto
518 3396 560 3466 (V,
589 3401 617 3465 ²,
647 3392 673 3471 8)
703 3399 737 3452 D.
765 3398 812 3454 Vbi
833 3399 919 3465 uoles,
943 3415 1062 3455 accerse.
1089 3399 1128 3454 Si.
1154 3399 1327 3454 Bcoesoue:
1353 3401 1385 3455 id
1403 3402 1468 3456 enirn

877 3518 945 3559 uero
969 3501 1032 3558 ltine
1053 3519 1127 3558 nunc
1149 3501 1235 3568 abest,

379 3637 401 3695 t)
425 3634 492 3684 Licet
510 3648 550 3684 nte
567 3635 633 3684 sciro
646 3633 788 3697 pracbettl
803 3639 870 3683 teste
886 3634 1081 3693 Studcmundo‚
1104 3634 1170 3684 licet
1189 3648 1229 3684 mo
1247 3636 1273 3684 id
1285 3638 1353 3686 scire
1367 3634 1467 3699 reliqui.

311 3719 435 3768 Celerum
454 3721 487 3769 ot
499 3720 577 3769 simul
597 3718 795 3783 προληπτικῶς
813 3720 931 3784 positum
949 3733 1009 3770 esse
1027 3723 1146 3784 apparet.

379 3807 403 3867 t)
426 3805 463 3853 Do
484 3807 603 3854 numeris
622 3806 703 3855 totius
722 3805 783 3864 loci,
804 3804 898 3869 quales
918 3806 940 3853 is
952 3805 1070 3869 quidem,
1091 3807 1136 3870 qui
1154 3807 1361 3857 Ambrosianum
1382 3821 1471 3856 receu-

312 3890 414 3939 sionem
434 3890 556 3952 confecit,
576 3891 747 3941 constituisse
761 3892 894 3948 uideatur,
917 3890 979 3940 uide
994 3891 1162 3942 studemund
1176 3893 1209 3942 de
1223 3894 1336 3943 canticis
1350 3894 1470 3942 Plautinis

312 3987 369 4038 pag.
387 3980 428 4034 tt,
449 3979 495 4040 qni
515 3979 541 4026 in
562 3979 581 4026 A
600 3977 670 4026 bunc
689 3991 817 4027 uersuum
837 3977 1037 4041 discriptionem
1058 3978 1140 4028 latere
1159 3979 1375 4029 demonstrauit:

312 4065 361 4108 277
399 4062 424 4109 S.
443 4056 503 4111 'Vbi
524 4061 627 4112 locellus
644 4068 679 4112 cst
696 4066 756 4113 tutus
773 4064 852 4112 erus?
867 4061 870 4128 Ι
888 4064 912 4111 Ρ.
944 4063 987 4112 Vol
1010 4065 1050 4114 tttl
1069 4064 1143 4122 lubet,
1168 4062 1234 4130 occ!
1253 4065 1285 4114 Te
1311 4067 1425 4115 consulit.
1446 4066 1467 4111 S.

1145 4137 1252 4214 illium!

399 4232 477 4295 Dicis,
497 4233 541 4282 ubi
558 4231 600 4292 sit,
620 4235 751 4299 ueneficae?
766 4235 771 4295 )
787 4235 812 4284 P.
834 4236 933 4299 Nescio,
953 4239 1067 4298 loquum,
1087 4236 1222 4286 ulmttribu
1240 4241 1276 4286 tu.
1296 4236 1300 4300 Ι
