<?xml version="1.0" encoding="UTF-8"?>
<!DOCTYPE html PUBLIC "-//W3C//DTD XHTML 1.0 Transitional//EN"
    "http://www.w3.org/TR/xhtml1/DTD/xhtml1-transitional.dtd">
<html xmlns="http://www.w3.org/1999/xhtml" xml:lang="en" lang="en">
 <head>
  <title>
</title>
<meta http-equiv="Content-Type" content="text/html;charset=utf-8" />
  <meta name='ocr-system' content='tesseract 3.04.00' />
  <meta name='ocr-capabilities' content='ocr_page ocr_carea ocr_par ocr_line ocrx_word'/>
</head>
<body>
  <div class='ocr_page' id='page_1' title='image "./studiainpriscos00studgoog_0105.png"; bbox 0 0 3126 5028; ppageno 0'>
   <div class='ocr_carea' id='block_1_1' title="bbox 312 392 1077 458">
    <p class='ocr_par' dir='ltr' id='par_1_1' title="bbox 312 392 1077 458">
     <span class='ocr_line' id='line_1_1' title="bbox 312 392 1077 458; baseline 0.008 -8"><span class='ocrx_word' id='word_1_1' title='bbox 312 392 352 450; x_wconf 79' lang='lat' dir='ltr'><strong>tto</strong></span> <span class='ocrx_word' id='word_1_2' title='bbox 699 401 872 457; x_wconf 79' lang='lat' dir='ltr'><strong>Lnoronnrs</strong></span> <span class='ocrx_word' id='word_1_3' title='bbox 896 398 1077 458; x_wconf 82' lang='lat' dir='ltr'><strong>ltrrnmumr.</strong></span> 
     </span>
    </p>
   </div>
   <div class='ocr_carea' id='block_1_2' title="bbox 309 566 1561 3831">
    <p class='ocr_par' dir='ltr' id='par_1_2' title="bbox 311 566 1178 750">
     <span class='ocr_line' id='line_1_2' title="bbox 439 566 1178 649; baseline 0.007 -24"><span class='ocrx_word' id='word_1_4' title='bbox 439 566 486 626; x_wconf 78' lang='lat' dir='ltr'><strong>lbi</strong></span> <span class='ocrx_word' id='word_1_5' title='bbox 506 569 612 628; x_wconf 75' lang='lat' dir='ltr'><strong>amore</strong></span> <span class='ocrx_word' id='word_1_6' title='bbox 634 570 732 648; x_wconf 82' lang='lat' dir='ltr'><strong>occepi</strong></span> <span class='ocrx_word' id='word_1_7' title='bbox 750 569 851 649; x_wconf 78' lang='lat' dir='ltr'><strong>forma</strong></span> <span class='ocrx_word' id='word_1_8' title='bbox 874 569 993 630; x_wconf 67' lang='lat' dir='ltr'><strong>calonio</strong></span> <span class='ocrx_word' id='word_1_9' title='bbox 1014 569 1178 630; x_wconf 72' lang='lat' dir='ltr'><strong>mulierem.</strong></span> 
     </span>
     <span class='ocr_line' id='line_1_3' title="bbox 311 667 974 750; baseline 0.006 -24"><span class='ocrx_word' id='word_1_10' title='bbox 311 667 385 727; x_wconf 88' lang='lat' dir='ltr'><strong>nihil</strong></span> <span class='ocrx_word' id='word_1_11' title='bbox 407 668 543 745; x_wconf 89' lang='lat' dir='ltr'><strong>prolecto</strong></span> <span class='ocrx_word' id='word_1_12' title='bbox 566 677 622 750; x_wconf 87' lang='lat' dir='ltr'><strong>est,</strong></span> <span class='ocrx_word' id='word_1_13' title='bbox 649 669 733 749; x_wconf 91' lang='lat' dir='ltr'><strong>quod</strong></span> <span class='ocrx_word' id='word_1_14' title='bbox 755 670 974 750; x_wconf 79' lang='lat' dir='ltr'><strong>reprehendas.</strong></span> 
     </span>
    </p>

    <p class='ocr_par' dir='ltr' id='par_1_3' title="bbox 311 771 1475 1056">
     <span class='ocr_line' id='line_1_4' title="bbox 397 771 1474 852; baseline 0.005 -22"><span class='ocrx_word' id='word_1_15' title='bbox 397 771 513 834; x_wconf 81' lang='lat' dir='ltr'><strong>Versus</strong></span> <span class='ocrx_word' id='word_1_16' title='bbox 543 773 561 831; x_wconf 86' lang='lat'>5</span> <span class='ocrx_word' id='word_1_17' title='bbox 590 781 621 833; x_wconf 89' lang='lat' dir='ltr'><strong>et</strong></span> <span class='ocrx_word' id='word_1_18' title='bbox 650 775 668 832; x_wconf 88' lang='grc'><strong>6</strong></span> <span class='ocrx_word' id='word_1_19' title='bbox 698 773 852 836; x_wconf 89' lang='lat' dir='ltr'><strong>Plautinos</strong></span> <span class='ocrx_word' id='word_1_20' title='bbox 879 791 948 835; x_wconf 90' lang='lat' dir='ltr'><strong>esse</strong></span> <span class='ocrx_word' id='word_1_21' title='bbox 977 791 1067 834; x_wconf 92' lang='lat' dir='ltr'><strong>nemo</strong></span> <span class='ocrx_word' id='word_1_22' title='bbox 1096 773 1275 851; x_wconf 75' lang='lat' dir='ltr'>contendet,</span> <span class='ocrx_word' id='word_1_23' title='bbox 1311 775 1365 852; x_wconf 92' lang='lat' dir='ltr'><strong>qui</strong></span> <span class='ocrx_word' id='word_1_24' title='bbox 1394 773 1474 852; x_wconf 85' lang='lat' dir='ltr'><strong>quid</strong></span> 
     </span>
     <span class='ocr_line' id='line_1_5' title="bbox 311 873 1475 956; baseline 0.005 -24"><span class='ocrx_word' id='word_1_25' title='bbox 311 873 449 935; x_wconf 89' lang='lat' dir='ltr'><strong>uirorum</strong></span> <span class='ocrx_word' id='word_1_26' title='bbox 472 873 631 937; x_wconf 87' lang='lat' dir='ltr'><strong>doctorum</strong></span> <span class='ocrx_word' id='word_1_27' title='bbox 654 876 765 938; x_wconf 88' lang='lat' dir='ltr'><strong>studiis</strong></span> <span class='ocrx_word' id='word_1_28' title='bbox 788 876 827 938; x_wconf 90' lang='lat' dir='ltr'><strong>de</strong></span> <span class='ocrx_word' id='word_1_29' title='bbox 849 877 981 956; x_wconf 89' lang='lat' dir='ltr'><strong>prologis</strong></span> <span class='ocrx_word' id='word_1_30' title='bbox 1003 877 1197 955; x_wconf 84' lang='lat' dir='ltr'><strong>exploratum</strong></span> <span class='ocrx_word' id='word_1_31' title='bbox 1220 879 1269 955; x_wconf 91' lang='lat' dir='ltr'><strong>sit,</strong></span> <span class='ocrx_word' id='word_1_32' title='bbox 1297 895 1358 938; x_wconf 91' lang='lat' dir='ltr'><strong>non</strong></span> <span class='ocrx_word' id='word_1_33' title='bbox 1381 879 1475 956; x_wconf 84' lang='lat' dir='ltr'><strong>igno-</strong></span> 
     </span>
     <span class='ocr_line' id='line_1_6' title="bbox 312 975 903 1056; baseline 0.008 -21"><span class='ocrx_word' id='word_1_34' title='bbox 312 985 359 1036; x_wconf 90' lang='lat' dir='ltr'><strong>ret</strong></span> <span class='ocrx_word' id='word_1_35' title='bbox 370 975 403 1056; x_wconf 88' lang='lat'><strong>¹).</strong></span> <span class='ocrx_word' id='word_1_36' title='bbox 437 979 470 1036; x_wconf 89' lang='lat' dir='ltr'><strong>lu</strong></span> <span class='ocrx_word' id='word_1_37' title='bbox 492 978 640 1040; x_wconf 89' lang='lat' dir='ltr'><strong>uersibus</strong></span> <span class='ocrx_word' id='word_1_38' title='bbox 662 988 767 1040; x_wconf 88' lang='lat' dir='ltr'><strong>autem</strong></span> <span class='ocrx_word' id='word_1_39' title='bbox 789 982 808 1040; x_wconf 82' lang='lat'><strong>3</strong></span> <span class='ocrx_word' id='word_1_40' title='bbox 832 989 863 1040; x_wconf 90' lang='lat' dir='ltr'><strong>et</strong></span> <span class='ocrx_word' id='word_1_41' title='bbox 886 982 903 1040; x_wconf 87' lang='lat' dir='ltr'><strong>l</strong></span> 
     </span>
    </p>

    <p class='ocr_par' dir='ltr' id='par_1_4' title="bbox 437 1081 1237 1161">
     <span class='ocr_line' id='line_1_7' title="bbox 437 1081 1237 1161; baseline 0.001 -21"><span class='ocrx_word' id='word_1_42' title='bbox 437 1081 504 1141; x_wconf 78' lang='lat' dir='ltr'><strong>Eat</strong></span> <span class='ocrx_word' id='word_1_43' title='bbox 525 1081 578 1143; x_wconf 75' lang='lat' dir='ltr'><strong>tec</strong></span> <span class='ocrx_word' id='word_1_44' title='bbox 599 1099 712 1161; x_wconf 68' lang='lat' dir='ltr'><strong>portem</strong></span> <span class='ocrx_word' id='word_1_45' title='bbox 735 1081 831 1146; x_wconf 81' lang='lat' dir='ltr'><strong>barole</strong></span> <span class='ocrx_word' id='word_1_46' title='bbox 852 1085 935 1143; x_wconf 77' lang='lat' dir='ltr'><strong>more</strong></span> <span class='ocrx_word' id='word_1_47' title='bbox 956 1083 1107 1142; x_wconf 70' lang='lat' dir='ltr'><strong>maiorem</strong></span> <span class='ocrx_word' id='word_1_48' title='bbox 1128 1081 1237 1154; x_wconf 72' lang='lat' dir='ltr'><strong>tortili,</strong></span> 
     </span>
    </p>

    <p class='ocr_par' dir='ltr' id='par_1_5' title="bbox 309 1183 1561 3831">
     <span class='ocr_line' id='line_1_8' title="bbox 439 1183 1223 1264; baseline 0.004 -23"><span class='ocrx_word' id='word_1_49' title='bbox 439 1183 498 1243; x_wconf 80' lang='lat' dir='ltr'><strong>Pro</strong></span> <span class='ocrx_word' id='word_1_50' title='bbox 520 1185 587 1245; x_wconf 76' lang='lat' dir='ltr'><strong>merl</strong></span> <span class='ocrx_word' id='word_1_51' title='bbox 609 1202 738 1264; x_wconf 79' lang='lat' dir='ltr'><strong>persono</strong></span> <span class='ocrx_word' id='word_1_52' title='bbox 761 1193 795 1245; x_wconf 82' lang='lat' dir='ltr'><strong>ut</strong></span> <span class='ocrx_word' id='word_1_53' title='bbox 814 1185 869 1246; x_wconf 77' lang='lat' dir='ltr'><strong>sim</strong></span> <span class='ocrx_word' id='word_1_54' title='bbox 892 1185 934 1244; x_wconf 79' lang='lat' dir='ltr'><strong>ou</strong></span> <span class='ocrx_word' id='word_1_55' title='bbox 955 1199 1008 1245; x_wconf 79' lang='lat' dir='ltr'><strong>uos</strong></span> <span class='ocrx_word' id='word_1_56' title='bbox 1031 1183 1124 1245; x_wconf 73' lang='lat' dir='ltr'><strong>indam</strong></span> <span class='ocrx_word' id='word_1_57' title='bbox 1146 1185 1223 1244; x_wconf 81' lang='lat' dir='ltr'><strong>llice.</strong></span> 
     </span>
     <span class='ocr_line' id='line_1_9' title="bbox 309 1284 1476 1366; baseline 0.001 -22"><span class='ocrx_word' id='word_1_58' title='bbox 309 1284 544 1366; x_wconf 72' lang='lat' dir='ltr'><strong>Ritsobeliusl),</strong></span> <span class='ocrx_word' id='word_1_59' title='bbox 578 1288 632 1366; x_wconf 88' lang='lat' dir='ltr'><strong>qui</strong></span> <span class='ocrx_word' id='word_1_60' title='bbox 660 1305 713 1348; x_wconf 88' lang='lat' dir='ltr'><strong>eos</strong></span> <span class='ocrx_word' id='word_1_61' title='bbox 735 1288 778 1348; x_wconf 89' lang='lat' dir='ltr'><strong>ita</strong></span> <span class='ocrx_word' id='word_1_62' title='bbox 802 1285 997 1364; x_wconf 90' lang='lat' dir='ltr'><strong>emendauit,</strong></span> <span class='ocrx_word' id='word_1_63' title='bbox 1024 1296 1059 1348; x_wconf 92' lang='lat' dir='ltr'><strong>ut</strong></span> <span class='ocrx_word' id='word_1_64' title='bbox 1080 1285 1304 1366; x_wconf 77' lang='lat' dir='ltr'><strong>posterioribus</strong></span> <span class='ocrx_word' id='word_1_65' title='bbox 1325 1303 1366 1345; x_wconf 92' lang='lat' dir='ltr'><strong>ne</strong></span> <span class='ocrx_word' id='word_1_66' title='bbox 1396 1305 1476 1346; x_wconf 90' lang='lat' dir='ltr'><strong>uer-</strong></span> 
     </span>
     <span class='ocr_line' id='line_1_10' title="bbox 309 1369 1476 1469; baseline 0.001 -22"><span class='ocrx_word' id='word_1_67' title='bbox 309 1387 385 1448; x_wconf 89' lang='lat' dir='ltr'><strong>bum</strong></span> <span class='ocrx_word' id='word_1_68' title='bbox 409 1387 534 1466; x_wconf 89' lang='lat' dir='ltr'><strong>quidem</strong></span> <span class='ocrx_word' id='word_1_69' title='bbox 558 1398 677 1451; x_wconf 90' lang='lat' dir='ltr'><strong>mutare</strong></span> <span class='ocrx_word' id='word_1_70' title='bbox 699 1389 746 1451; x_wconf 86' lang='lat' dir='ltr'><strong>las</strong></span> <span class='ocrx_word' id='word_1_71' title='bbox 769 1390 825 1468; x_wconf 90' lang='lat' dir='ltr'><strong>sit,</strong></span> <span class='ocrx_word' id='word_1_72' title='bbox 857 1401 977 1469; x_wconf 86' lang='lat' dir='ltr'><strong>poetam</strong></span> <span class='ocrx_word' id='word_1_73' title='bbox 1005 1407 1152 1451; x_wconf 81' lang='lat' dir='ltr'><strong>excusare</strong></span> <span class='ocrx_word' id='word_1_74' title='bbox 1179 1388 1264 1466; x_wconf 87' lang='lat' dir='ltr'><strong>uolt,</strong></span> <span class='ocrx_word' id='word_1_75' title='bbox 1297 1369 1396 1468; x_wconf 75' lang='lat' dir='ltr'><strong>,quod</strong></span> <span class='ocrx_word' id='word_1_76' title='bbox 1424 1390 1476 1450; x_wconf 91' lang='lat' dir='ltr'><strong>oui</strong></span> 
     </span>
     <span class='ocr_line' id='line_1_11' title="bbox 310 1489 1476 1572; baseline 0.002 -23"><span class='ocrx_word' id='word_1_77' title='bbox 310 1507 395 1550; x_wconf 90' lang='lat' dir='ltr'><strong>nunc</strong></span> <span class='ocrx_word' id='word_1_78' title='bbox 416 1491 511 1554; x_wconf 91' lang='lat' dir='ltr'><strong>solius</strong></span> <span class='ocrx_word' id='word_1_79' title='bbox 534 1493 650 1572; x_wconf 77' lang='lat' dir='ltr'><strong>prologi</strong></span> <span class='ocrx_word' id='word_1_80' title='bbox 672 1511 803 1571; x_wconf 89' lang='lat' dir='ltr'><strong>persona</strong></span> <span class='ocrx_word' id='word_1_81' title='bbox 826 1493 867 1552; x_wconf 87' lang='lat' dir='ltr'><strong>sit</strong></span> <span class='ocrx_word' id='word_1_82' title='bbox 888 1489 1016 1571; x_wconf 88' lang='lat' dir='ltr'><strong>agenda,</strong></span> <span class='ocrx_word' id='word_1_83' title='bbox 1043 1491 1137 1554; x_wconf 91' lang='lat' dir='ltr'><strong>simul</strong></span> <span class='ocrx_word' id='word_1_84' title='bbox 1159 1499 1191 1552; x_wconf 90' lang='lat' dir='ltr'><strong>et</strong></span> <span class='ocrx_word' id='word_1_85' title='bbox 1206 1493 1310 1552; x_wconf 90' lang='lat' dir='ltr'><strong>statim</strong></span> <span class='ocrx_word' id='word_1_86' title='bbox 1325 1491 1366 1552; x_wconf 90' lang='lat' dir='ltr'><strong>ab</strong></span> <span class='ocrx_word' id='word_1_87' title='bbox 1389 1491 1476 1552; x_wconf 90' lang='lat' dir='ltr'><strong>initio</strong></span> 
     </span>
     <span class='ocr_line' id='line_1_12' title="bbox 310 1593 1476 1675; baseline 0.002 -23"><span class='ocrx_word' id='word_1_88' title='bbox 310 1609 366 1670; x_wconf 89' lang='lat' dir='ltr'><strong>pro</strong></span> <span class='ocrx_word' id='word_1_89' title='bbox 388 1610 444 1654; x_wconf 91' lang='lat' dir='ltr'><strong>sua</strong></span> <span class='ocrx_word' id='word_1_90' title='bbox 460 1593 585 1654; x_wconf 81' lang='lat' dir='ltr'><strong>Charini</strong></span> <span class='ocrx_word' id='word_1_91' title='bbox 601 1613 734 1675; x_wconf 84' lang='lat' dir='ltr'><strong>persona</strong></span> <span class='ocrx_word' id='word_1_92' title='bbox 755 1613 862 1656; x_wconf 90' lang='lat' dir='ltr'><strong>earum</strong></span> <span class='ocrx_word' id='word_1_93' title='bbox 885 1611 1000 1673; x_wconf 89' lang='lat' dir='ltr'><strong>rerum,</strong></span> <span class='ocrx_word' id='word_1_94' title='bbox 1027 1613 1106 1675; x_wconf 88' lang='lat' dir='ltr'><strong>quas</strong></span> <span class='ocrx_word' id='word_1_95' title='bbox 1129 1595 1207 1655; x_wconf 89' lang='lat' dir='ltr'><strong>seire</strong></span> <span class='ocrx_word' id='word_1_96' title='bbox 1229 1595 1359 1672; x_wconf 78' lang='lat' dir='ltr'><strong>intorsit,</strong></span> <span class='ocrx_word' id='word_1_97' title='bbox 1386 1593 1476 1656; x_wconf 84' lang='lat' dir='ltr'><strong>indi-</strong></span> 
     </span>
     <span class='ocr_line' id='line_1_13' title="bbox 311 1695 1476 1777; baseline 0.003 -22"><span class='ocrx_word' id='word_1_98' title='bbox 311 1697 393 1756; x_wconf 92' lang='lat' dir='ltr'><strong>cium</strong></span> <span class='ocrx_word' id='word_1_99' title='bbox 409 1698 636 1774; x_wconf 80' lang='lat' dir='ltr'><strong>spectatoribus</strong></span> <span class='ocrx_word' id='word_1_100' title='bbox 652 1697 766 1777; x_wconf 83' lang='lat' dir='ltr'><strong>laciat‘,</strong></span> <span class='ocrx_word' id='word_1_101' title='bbox 786 1695 940 1776; x_wconf 81' lang='lat' dir='ltr'><strong>Daiatzlro,</strong></span> <span class='ocrx_word' id='word_1_102' title='bbox 966 1696 1050 1777; x_wconf 91' lang='lat' dir='ltr'><strong>quod</strong></span> <span class='ocrx_word' id='word_1_103' title='bbox 1066 1715 1101 1758; x_wconf 90' lang='lat' dir='ltr'><strong>ea</strong></span> <span class='ocrx_word' id='word_1_104' title='bbox 1117 1715 1258 1777; x_wconf 87' lang='lat' dir='ltr'><strong>persona,</strong></span> <span class='ocrx_word' id='word_1_105' title='bbox 1276 1698 1366 1759; x_wconf 87' lang='lat' dir='ltr'><strong>cuius</strong></span> <span class='ocrx_word' id='word_1_106' title='bbox 1382 1716 1476 1758; x_wconf 91' lang='lat' dir='ltr'><strong>amo-</strong></span> 
     </span>
     <span class='ocr_line' id='line_1_14' title="bbox 311 1798 1477 1880; baseline 0.003 -22"><span class='ocrx_word' id='word_1_107' title='bbox 311 1816 360 1858; x_wconf 87' lang='lat' dir='ltr'><strong>res</strong></span> <span class='ocrx_word' id='word_1_108' title='bbox 384 1798 415 1858; x_wconf 96' lang='lat' dir='ltr'><strong>in</strong></span> <span class='ocrx_word' id='word_1_109' title='bbox 432 1799 536 1862; x_wconf 79' lang='lat' dir='ltr'><strong>fabula</strong></span> <span class='ocrx_word' id='word_1_110' title='bbox 551 1809 731 1880; x_wconf 75' lang='lat' dir='ltr'><strong>tractentur,</strong></span> <span class='ocrx_word' id='word_1_111' title='bbox 750 1800 910 1880; x_wconf 80' lang='lat' dir='ltr'><strong>prologum</strong></span> <span class='ocrx_word' id='word_1_112' title='bbox 925 1801 1106 1878; x_wconf 82' lang='lat' dir='ltr'><strong>pronuntiet</strong></span> <span class='ocrx_word' id='word_1_113' title='bbox 1125 1835 1169 1845; x_wconf 97' lang='lat'>—</span> <span class='ocrx_word' id='word_1_114' title='bbox 1183 1808 1224 1878; x_wconf 90' lang='lat' dir='ltr'><strong>at,</strong></span> <span class='ocrx_word' id='word_1_115' title='bbox 1251 1817 1377 1880; x_wconf 79' lang='lat' dir='ltr'><strong>quaeso,</strong></span> <span class='ocrx_word' id='word_1_116' title='bbox 1398 1800 1477 1880; x_wconf 88' lang='lat' dir='ltr'><strong>quid</strong></span> 
     </span>
     <span class='ocr_line' id='line_1_15' title="bbox 310 1902 1478 1983; baseline 0.003 -23"><span class='ocrx_word' id='word_1_117' title='bbox 310 1902 447 1979; x_wconf 88' lang='lat' dir='ltr'><strong>interest,</strong></span> <span class='ocrx_word' id='word_1_118' title='bbox 475 1911 579 1964; x_wconf 84' lang='lat' dir='ltr'><strong>utrum</strong></span> <span class='ocrx_word' id='word_1_119' title='bbox 601 1905 677 1965; x_wconf 87' lang='lat' dir='ltr'><strong>baec</strong></span> <span class='ocrx_word' id='word_1_120' title='bbox 691 1922 732 1964; x_wconf 91' lang='lat' dir='ltr'><strong>an</strong></span> <span class='ocrx_word' id='word_1_121' title='bbox 748 1903 799 1964; x_wconf 92' lang='lat' dir='ltr'><strong>illa</strong></span> <span class='ocrx_word' id='word_1_122' title='bbox 813 1921 944 1983; x_wconf 84' lang='lat' dir='ltr'><strong>persona</strong></span> <span class='ocrx_word' id='word_1_123' title='bbox 961 1902 1085 1964; x_wconf 82' lang='lat' dir='ltr'><strong>fabulae</strong></span> <span class='ocrx_word' id='word_1_124' title='bbox 1100 1903 1259 1983; x_wconf 75' lang='lat' dir='ltr'><strong>prologum</strong></span> <span class='ocrx_word' id='word_1_125' title='bbox 1275 1904 1478 1983; x_wconf 73' lang='lat' dir='ltr'><strong>pronuntiet‘.l</strong></span> 
     </span>
     <span class='ocr_line' id='line_1_16' title="bbox 311 2004 1477 2086; baseline 0.001 -21"><span class='ocrx_word' id='word_1_126' title='bbox 311 2004 388 2084; x_wconf 90' lang='lat' dir='ltr'><strong>quid</strong></span> <span class='ocrx_word' id='word_1_127' title='bbox 410 2007 609 2067; x_wconf 84' lang='lat' dir='ltr'><strong>excusatione</strong></span> <span class='ocrx_word' id='word_1_128' title='bbox 632 2025 710 2086; x_wconf 92' lang='lat' dir='ltr'><strong>opus</strong></span> <span class='ocrx_word' id='word_1_129' title='bbox 732 2014 788 2082; x_wconf 89' lang='lat' dir='ltr'><strong>est,</strong></span> <span class='ocrx_word' id='word_1_130' title='bbox 817 2007 842 2065; x_wconf 91' lang='lat' dir='ltr'><strong>si</strong></span> <span class='ocrx_word' id='word_1_131' title='bbox 866 2023 931 2066; x_wconf 92' lang='lat' dir='ltr'><strong>mos</strong></span> <span class='ocrx_word' id='word_1_132' title='bbox 955 2008 1107 2067; x_wconf 91' lang='lat' dir='ltr'><strong>maiorum</strong></span> <span class='ocrx_word' id='word_1_133' title='bbox 1122 2006 1207 2066; x_wconf 91' lang='lat' dir='ltr'><strong>nulla</strong></span> <span class='ocrx_word' id='word_1_134' title='bbox 1230 2007 1291 2067; x_wconf 88' lang='lat' dir='ltr'><strong>alia</strong></span> <span class='ocrx_word' id='word_1_135' title='bbox 1306 2025 1341 2066; x_wconf 88' lang='lat' dir='ltr'><strong>re</strong></span> <span class='ocrx_word' id='word_1_136' title='bbox 1363 2005 1477 2085; x_wconf 87' lang='lat' dir='ltr'><strong>negle-</strong></span> 
     </span>
     <span class='ocr_line' id='line_1_17' title="bbox 311 2105 1474 2190; baseline 0.001 -23"><span class='ocrx_word' id='word_1_137' title='bbox 311 2106 458 2186; x_wconf 89' lang='lat' dir='ltr'><strong>gebatur,</strong></span> <span class='ocrx_word' id='word_1_138' title='bbox 493 2127 586 2187; x_wconf 86' lang='lat' dir='ltr'><strong>quam</strong></span> <span class='ocrx_word' id='word_1_139' title='bbox 610 2108 693 2190; x_wconf 92' lang='lat' dir='ltr'><strong>quod</strong></span> <span class='ocrx_word' id='word_1_140' title='bbox 715 2109 874 2187; x_wconf 76' lang='lat' dir='ltr'><strong>prologus,</strong></span> <span class='ocrx_word' id='word_1_141' title='bbox 909 2125 1002 2187; x_wconf 90' lang='lat' dir='ltr'><strong>quem</strong></span> <span class='ocrx_word' id='word_1_142' title='bbox 1024 2105 1069 2168; x_wconf 91' lang='lat' dir='ltr'><strong>illi</strong></span> <span class='ocrx_word' id='word_1_143' title='bbox 1092 2109 1159 2170; x_wconf 91' lang='lat' dir='ltr'><strong>aliis</strong></span> <span class='ocrx_word' id='word_1_144' title='bbox 1181 2110 1320 2187; x_wconf 76' lang='lat' dir='ltr'><strong>personia</strong></span> <span class='ocrx_word' id='word_1_145' title='bbox 1343 2107 1474 2185; x_wconf 86' lang='lat' dir='ltr'><strong>dabant,</strong></span> 
     </span>
     <span class='ocr_line' id='line_1_18' title="bbox 311 2209 1479 2274; baseline 0.003 -6"><span class='ocrx_word' id='word_1_146' title='bbox 311 2209 361 2268; x_wconf 90' lang='lat' dir='ltr'><strong>hie</strong></span> <span class='ocrx_word' id='word_1_147' title='bbox 388 2211 516 2271; x_wconf 88' lang='lat' dir='ltr'><strong>amatori</strong></span> <span class='ocrx_word' id='word_1_148' title='bbox 544 2209 662 2272; x_wconf 73' lang='lat' dir='ltr'><strong>daturi</strong></span> <span class='ocrx_word' id='word_1_149' title='bbox 699 2211 899 2272; x_wconf 81' lang='lat' dir='ltr'><strong>llitsobelium</strong></span> <span class='ocrx_word' id='word_1_150' title='bbox 925 2211 1072 2274; x_wconf 80' lang='lat' dir='ltr'><strong>Dzietako</strong></span> <span class='ocrx_word' id='word_1_151' title='bbox 1101 2211 1201 2272; x_wconf 90' lang='lat' dir='ltr'><strong>allatis</strong></span> <span class='ocrx_word' id='word_1_152' title='bbox 1224 2211 1316 2272; x_wconf 83' lang='lat' dir='ltr'><strong>Milite</strong></span> <span class='ocrx_word' id='word_1_153' title='bbox 1338 2211 1479 2272; x_wconf 79' lang='lat' dir='ltr'><strong>Glorioso</strong></span> 
     </span>
     <span class='ocr_line' id='line_1_19' title="bbox 312 2311 1477 2394; baseline 0.002 -22"><span class='ocrx_word' id='word_1_154' title='bbox 312 2321 343 2372; x_wconf 88' lang='lat' dir='ltr'><strong>et</strong></span> <span class='ocrx_word' id='word_1_155' title='bbox 359 2311 580 2390; x_wconf 76' lang='lat' dir='ltr'><strong>Amphitruone</strong></span> <span class='ocrx_word' id='word_1_156' title='bbox 602 2313 753 2391; x_wconf 86' lang='lat' dir='ltr'><strong>exemplis</strong></span> <span class='ocrx_word' id='word_1_157' title='bbox 769 2313 907 2374; x_wconf 83' lang='lat' dir='ltr'><strong>refellere</strong></span> <span class='ocrx_word' id='word_1_158' title='bbox 930 2331 1020 2392; x_wconf 87' lang='lat' dir='ltr'><strong>posse</strong></span> <span class='ocrx_word' id='word_1_159' title='bbox 1043 2314 1102 2374; x_wconf 90' lang='lat' dir='ltr'><strong>sibi</strong></span> <span class='ocrx_word' id='word_1_160' title='bbox 1125 2313 1261 2390; x_wconf 87' lang='lat' dir='ltr'><strong>uidetur,</strong></span> <span class='ocrx_word' id='word_1_161' title='bbox 1287 2315 1318 2374; x_wconf 91' lang='lat' dir='ltr'><strong>in</strong></span> <span class='ocrx_word' id='word_1_162' title='bbox 1343 2331 1477 2394; x_wconf 88' lang='lat' dir='ltr'><strong>quorum</strong></span> 
     </span>
     <span class='ocr_line' id='line_1_20' title="bbox 312 2415 1478 2497; baseline 0.003 -23"><span class='ocrx_word' id='word_1_163' title='bbox 312 2415 452 2494; x_wconf 74' lang='lat' dir='ltr'><strong>prologos</strong></span> <span class='ocrx_word' id='word_1_164' title='bbox 474 2433 536 2475; x_wconf 89' lang='lat' dir='ltr'><strong>non</strong></span> <span class='ocrx_word' id='word_1_165' title='bbox 566 2416 672 2477; x_wconf 90' lang='lat' dir='ltr'><strong>minus</strong></span> <span class='ocrx_word' id='word_1_166' title='bbox 695 2433 789 2495; x_wconf 90' lang='lat' dir='ltr'><strong>quam</strong></span> <span class='ocrx_word' id='word_1_167' title='bbox 817 2417 850 2475; x_wconf 93' lang='lat' dir='ltr'><strong>in</strong></span> <span class='ocrx_word' id='word_1_168' title='bbox 872 2418 1068 2478; x_wconf 79' lang='lat' dir='ltr'><strong>Mercatorem</strong></span> <span class='ocrx_word' id='word_1_169' title='bbox 1096 2415 1144 2493; x_wconf 89' lang='lat' dir='ltr'><strong>id,</strong></span> <span class='ocrx_word' id='word_1_170' title='bbox 1178 2416 1262 2497; x_wconf 87' lang='lat' dir='ltr'><strong>qnod</strong></span> <span class='ocrx_word' id='word_1_171' title='bbox 1290 2416 1478 2478; x_wconf 85' lang='lat' dir='ltr'><strong>liitscbelius</strong></span> 
     </span>
     <span class='ocr_line' id='line_1_21' title="bbox 313 2501 1478 2599; baseline 0.003 -23"><span class='ocrx_word' id='word_1_172' title='bbox 313 2519 477 2595; x_wconf 89' lang='lat' dir='ltr'><strong>monuerit,</strong></span> <span class='ocrx_word' id='word_1_173' title='bbox 503 2520 677 2580; x_wconf 86' lang='lat' dir='ltr'><strong>conueniat.</strong></span> <span class='ocrx_word' id='word_1_174' title='bbox 715 2517 804 2590; x_wconf 90' lang='lat' dir='ltr'><strong>Quod</strong></span> <span class='ocrx_word' id='word_1_175' title='bbox 825 2535 1016 2599; x_wconf 84' lang='lat' dir='ltr'><strong>quarnquam</strong></span> <span class='ocrx_word' id='word_1_176' title='bbox 1040 2501 1273 2580; x_wconf 79' lang='lat' dir='ltr'><strong>concedendum</strong></span> <span class='ocrx_word' id='word_1_177' title='bbox 1296 2528 1345 2580; x_wconf 88' lang='lat' dir='ltr'><strong>est</strong></span> <span class='ocrx_word' id='word_1_178' title='bbox 1364 2537 1478 2580; x_wconf 78' lang='lat' dir='ltr'><strong>uerunt</strong></span> 
     </span>
     <span class='ocr_line' id='line_1_22' title="bbox 312 2605 1561 2700; baseline 0.002 -21"><span class='ocrx_word' id='word_1_179' title='bbox 312 2637 398 2698; x_wconf 78' lang='lat' dir='ltr'><strong>esse,</strong></span> <span class='ocrx_word' id='word_1_180' title='bbox 433 2629 537 2681; x_wconf 90' lang='lat' dir='ltr'><strong>tamen</strong></span> <span class='ocrx_word' id='word_1_181' title='bbox 564 2640 626 2681; x_wconf 88' lang='lat' dir='ltr'><strong>uon</strong></span> <span class='ocrx_word' id='word_1_182' title='bbox 657 2623 799 2700; x_wconf 90' lang='lat' dir='ltr'><strong>sequitur</strong></span> <span class='ocrx_word' id='word_1_183' title='bbox 827 2623 910 2682; x_wconf 90' lang='lat' dir='ltr'><strong>huno</strong></span> <span class='ocrx_word' id='word_1_184' title='bbox 936 2639 1054 2682; x_wconf 89' lang='lat' dir='ltr'><strong>morem</strong></span> <span class='ocrx_word' id='word_1_185' title='bbox 1083 2621 1168 2700; x_wconf 87' lang='lat' dir='ltr'><strong>apud</strong></span> <span class='ocrx_word' id='word_1_186' title='bbox 1196 2623 1341 2700; x_wconf 82' lang='lat' dir='ltr'><strong>antiquos</strong></span> <span class='ocrx_word' id='word_1_187' title='bbox 1369 2632 1478 2700; x_wconf 85' lang='lat' dir='ltr'><strong>poetas</strong></span> <span class='ocrx_word' id='word_1_188' title='bbox 1560 2605 1561 2608; x_wconf 24' lang='lat'>¹</span> 
     </span>
     <span class='ocr_line' id='line_1_23' title="bbox 312 2721 1478 2804; baseline 0.003 -23"><span class='ocrx_word' id='word_1_189' title='bbox 312 2724 442 2783; x_wconf 87' lang='lat' dir='ltr'><strong>comicos</strong></span> <span class='ocrx_word' id='word_1_190' title='bbox 465 2721 579 2800; x_wconf 81' lang='lat' dir='ltr'><strong>luisse3</strong></span> <span class='ocrx_word' id='word_1_191' title='bbox 608 2725 657 2784; x_wconf 89' lang='lat' dir='ltr'><strong>bio</strong></span> <span class='ocrx_word' id='word_1_192' title='bbox 679 2725 761 2785; x_wconf 88' lang='lat' dir='ltr'><strong>enirn</strong></span> <span class='ocrx_word' id='word_1_193' title='bbox 784 2744 851 2785; x_wconf 89' lang='lat' dir='ltr'><strong>mos</strong></span> <span class='ocrx_word' id='word_1_194' title='bbox 874 2733 940 2785; x_wconf 90' lang='lat' dir='ltr'><strong>erat</strong></span> <span class='ocrx_word' id='word_1_195' title='bbox 954 2724 1061 2802; x_wconf 86' lang='lat' dir='ltr'><strong>Plauti,</strong></span> <span class='ocrx_word' id='word_1_196' title='bbox 1088 2733 1124 2785; x_wconf 91' lang='lat' dir='ltr'><strong>ut</strong></span> <span class='ocrx_word' id='word_1_197' title='bbox 1142 2724 1286 2804; x_wconf 81' lang='lat' dir='ltr'><strong>prologus</strong></span> <span class='ocrx_word' id='word_1_198' title='bbox 1302 2739 1319 2785; x_wconf 90' lang='lat' dir='ltr'><strong>a</strong></span> <span class='ocrx_word' id='word_1_199' title='bbox 1334 2726 1478 2804; x_wconf 86' lang='lat' dir='ltr'><strong>personis</strong></span> 
     </span>
     <span class='ocr_line' id='line_1_24' title="bbox 314 2825 1478 2907; baseline 0.004 -24"><span class='ocrx_word' id='word_1_200' title='bbox 314 2825 505 2904; x_wconf 84' lang='lat' dir='ltr'><strong>recitaretur,</strong></span> <span class='ocrx_word' id='word_1_201' title='bbox 531 2846 611 2906; x_wconf 91' lang='lat' dir='ltr'><strong>quae</strong></span> <span class='ocrx_word' id='word_1_202' title='bbox 635 2829 666 2887; x_wconf 92' lang='lat' dir='ltr'><strong>in</strong></span> <span class='ocrx_word' id='word_1_203' title='bbox 689 2826 803 2888; x_wconf 78' lang='lat' dir='ltr'><strong>fabulis</strong></span> <span class='ocrx_word' id='word_1_204' title='bbox 825 2835 930 2907; x_wconf 87' lang='lat' dir='ltr'><strong>partes</strong></span> <span class='ocrx_word' id='word_1_205' title='bbox 953 2845 1013 2887; x_wconf 92' lang='lat' dir='ltr'><strong>non</strong></span> <span class='ocrx_word' id='word_1_206' title='bbox 1035 2826 1184 2906; x_wconf 89' lang='lat' dir='ltr'><strong>agebant,</strong></span> <span class='ocrx_word' id='word_1_207' title='bbox 1216 2845 1297 2906; x_wconf 90' lang='lat' dir='ltr'><strong>quae</strong></span> <span class='ocrx_word' id='word_1_208' title='bbox 1319 2837 1373 2888; x_wconf 88' lang='lat' dir='ltr'><strong>aut</strong></span> <span class='ocrx_word' id='word_1_209' title='bbox 1395 2828 1478 2888; x_wconf 90' lang='lat' dir='ltr'><strong>alle·</strong></span> 
     </span>
     <span class='ocr_line' id='line_1_25' title="bbox 311 2927 1479 3010; baseline 0.003 -23"><span class='ocrx_word' id='word_1_210' title='bbox 311 2929 441 3007; x_wconf 91' lang='lat' dir='ltr'><strong>gorioae,</strong></span> <span class='ocrx_word' id='word_1_211' title='bbox 469 2937 505 2991; x_wconf 91' lang='lat' dir='ltr'><strong>ut</strong></span> <span class='ocrx_word' id='word_1_212' title='bbox 526 2930 584 2990; x_wconf 90' lang='lat' dir='ltr'><strong>boo</strong></span> <span class='ocrx_word' id='word_1_213' title='bbox 606 2929 704 2991; x_wconf 91' lang='lat' dir='ltr'><strong>uerbo</strong></span> <span class='ocrx_word' id='word_1_214' title='bbox 725 2939 806 3006; x_wconf 85' lang='lat' dir='ltr'><strong>uter,</strong></span> <span class='ocrx_word' id='word_1_215' title='bbox 833 2938 921 2989; x_wconf 87' lang='lat' dir='ltr'><strong>erant</strong></span> <span class='ocrx_word' id='word_1_216' title='bbox 947 2927 1031 3009; x_wconf 76' lang='lat' dir='ltr'><strong>(nist.</strong></span> <span class='ocrx_word' id='word_1_217' title='bbox 1056 2928 1161 2990; x_wconf 82' lang='lat' dir='ltr'><strong>Aulul.</strong></span> <span class='ocrx_word' id='word_1_218' title='bbox 1180 2931 1263 2990; x_wconf 84' lang='lat' dir='ltr'><strong>Trin.</strong></span> <span class='ocrx_word' id='word_1_219' title='bbox 1287 2929 1396 3010; x_wconf 65' lang='lat' dir='ltr'><strong>Ruri),</strong></span> <span class='ocrx_word' id='word_1_220' title='bbox 1422 2941 1479 2991; x_wconf 92' lang='lat' dir='ltr'><strong>aut</strong></span> 
     </span>
     <span class='ocr_line' id='line_1_26' title="bbox 312 3030 1474 3111; baseline 0.003 -20"><span class='ocrx_word' id='word_1_221' title='bbox 312 3030 411 3092; x_wconf 87' lang='lat' dir='ltr'><strong>solum</strong></span> <span class='ocrx_word' id='word_1_222' title='bbox 435 3030 475 3092; x_wconf 90' lang='lat' dir='ltr'><strong>ad</strong></span> <span class='ocrx_word' id='word_1_223' title='bbox 504 3033 662 3111; x_wconf 86' lang='lat' dir='ltr'><strong>prologum</strong></span> <span class='ocrx_word' id='word_1_224' title='bbox 691 3031 884 3094; x_wconf 82' lang='lat' dir='ltr'><strong>recitandum</strong></span> <span class='ocrx_word' id='word_1_225' title='bbox 913 3033 944 3091; x_wconf 92' lang='lat' dir='ltr'><strong>in</strong></span> <span class='ocrx_word' id='word_1_226' title='bbox 976 3050 1119 3094; x_wconf 77' lang='lat' dir='ltr'><strong>scaenam</strong></span> <span class='ocrx_word' id='word_1_227' title='bbox 1146 3031 1313 3110; x_wconf 85' lang='lat' dir='ltr'><strong>prodibant</strong></span> <span class='ocrx_word' id='word_1_228' title='bbox 1340 3032 1474 3108; x_wconf 82' lang='lat' dir='ltr'><strong>(Poenul.</strong></span> 
     </span>
     <span class='ocr_line' id='line_1_27' title="bbox 312 3131 1479 3216; baseline 0.001 -21"><span class='ocrx_word' id='word_1_229' title='bbox 312 3134 399 3213; x_wconf 84' lang='lat' dir='ltr'><strong>Cept.</strong></span> <span class='ocrx_word' id='word_1_230' title='bbox 426 3135 496 3196; x_wconf 84' lang='lat' dir='ltr'><strong>Cas.</strong></span> <span class='ocrx_word' id='word_1_231' title='bbox 523 3133 609 3196; x_wconf 85' lang='lat' dir='ltr'><strong>Asin.</strong></span> <span class='ocrx_word' id='word_1_232' title='bbox 635 3136 821 3195; x_wconf 81' lang='lat' dir='ltr'><strong>Menaechm.</strong></span> <span class='ocrx_word' id='word_1_233' title='bbox 848 3131 987 3214; x_wconf 55' lang='lat' dir='ltr'><strong>Pseud).</strong></span> <span class='ocrx_word' id='word_1_234' title='bbox 1028 3132 1130 3214; x_wconf 76' lang='lat' dir='ltr'><strong>Atque</strong></span> <span class='ocrx_word' id='word_1_235' title='bbox 1150 3135 1227 3196; x_wconf 88' lang='lat' dir='ltr'><strong>baec</strong></span> <span class='ocrx_word' id='word_1_236' title='bbox 1254 3135 1383 3214; x_wconf 81' lang='lat' dir='ltr'><strong>quidem</strong></span> <span class='ocrx_word' id='word_1_237' title='bbox 1407 3145 1479 3216; x_wconf 90' lang='lat' dir='ltr'><strong>post</strong></span> 
     </span>
     <span class='ocr_line' id='line_1_28' title="bbox 313 3236 1476 3318; baseline 0.004 -24"><span class='ocrx_word' id='word_1_238' title='bbox 313 3236 409 3296; x_wconf 84' lang='lat' dir='ltr'><strong>Plauti</strong></span> <span class='ocrx_word' id='word_1_239' title='bbox 432 3248 561 3298; x_wconf 82' lang='lat' dir='ltr'><strong>mortem</strong></span> <span class='ocrx_word' id='word_1_240' title='bbox 583 3246 664 3297; x_wconf 86' lang='lat' dir='ltr'><strong>certa</strong></span> <span class='ocrx_word' id='word_1_241' title='bbox 685 3247 735 3298; x_wconf 84' lang='lat' dir='ltr'><strong>est</strong></span> <span class='ocrx_word' id='word_1_242' title='bbox 756 3238 817 3316; x_wconf 83' lang='lat' dir='ltr'><strong>lex,</strong></span> <span class='ocrx_word' id='word_1_243' title='bbox 840 3255 934 3316; x_wconf 83' lang='lat' dir='ltr'><strong>quam</strong></span> <span class='ocrx_word' id='word_1_244' title='bbox 951 3239 1113 3299; x_wconf 85' lang='lat' dir='ltr'><strong>Terentius</strong></span> <span class='ocrx_word' id='word_1_245' title='bbox 1133 3237 1292 3317; x_wconf 72' lang='lat' dir='ltr'><strong>neglegere</strong></span> <span class='ocrx_word' id='word_1_246' title='bbox 1312 3255 1476 3318; x_wconf 88' lang='lat' dir='ltr'><strong>nunquam</strong></span> 
     </span>
     <span class='ocr_line' id='line_1_29' title="bbox 312 3339 1477 3421; baseline 0.003 -23"><span class='ocrx_word' id='word_1_247' title='bbox 312 3357 408 3399; x_wconf 89' lang='lat' dir='ltr'><strong>ausus</strong></span> <span class='ocrx_word' id='word_1_248' title='bbox 436 3349 487 3400; x_wconf 89' lang='lat' dir='ltr'><strong>est</strong></span> <span class='ocrx_word' id='word_1_249' title='bbox 496 3339 532 3421; x_wconf 80' lang='lat'><strong>³).</strong></span> <span class='ocrx_word' id='word_1_250' title='bbox 575 3341 681 3419; x_wconf 85' lang='lat' dir='ltr'><strong>ltaque</strong></span> <span class='ocrx_word' id='word_1_251' title='bbox 702 3341 827 3402; x_wconf 83' lang='lat' dir='ltr'><strong>Plautus</strong></span> <span class='ocrx_word' id='word_1_252' title='bbox 849 3342 917 3418; x_wconf 89' lang='lat' dir='ltr'><strong>ipse</strong></span> <span class='ocrx_word' id='word_1_253' title='bbox 946 3357 1172 3421; x_wconf 88' lang='lat' dir='ltr'><strong>nonnunquam</strong></span> <span class='ocrx_word' id='word_1_254' title='bbox 1202 3341 1360 3421; x_wconf 87' lang='lat' dir='ltr'><strong>personis,</strong></span> <span class='ocrx_word' id='word_1_255' title='bbox 1395 3359 1477 3421; x_wconf 90' lang='lat' dir='ltr'><strong>quae</strong></span> 
     </span>
     <span class='ocr_line' id='line_1_30' title="bbox 312 3441 1476 3523; baseline 0.003 -23"><span class='ocrx_word' id='word_1_256' title='bbox 312 3443 343 3501; x_wconf 94' lang='lat' dir='ltr'><strong>in</strong></span> <span class='ocrx_word' id='word_1_257' title='bbox 366 3441 479 3504; x_wconf 77' lang='lat' dir='ltr'><strong>tabulis</strong></span> <span class='ocrx_word' id='word_1_258' title='bbox 502 3455 606 3523; x_wconf 89' lang='lat' dir='ltr'><strong>partes</strong></span> <span class='ocrx_word' id='word_1_259' title='bbox 637 3443 786 3521; x_wconf 84' lang='lat' dir='ltr'><strong>agebant,</strong></span> <span class='ocrx_word' id='word_1_260' title='bbox 820 3443 979 3523; x_wconf 89' lang='lat' dir='ltr'><strong>prologum</strong></span> <span class='ocrx_word' id='word_1_261' title='bbox 1009 3443 1132 3521; x_wconf 90' lang='lat' dir='ltr'><strong>tribuit,</strong></span> <span class='ocrx_word' id='word_1_262' title='bbox 1157 3445 1247 3504; x_wconf 88' lang='lat' dir='ltr'><strong>cuius</strong></span> <span class='ocrx_word' id='word_1_263' title='bbox 1271 3445 1383 3505; x_wconf 87' lang='lat' dir='ltr'><strong>mortui</strong></span> <span class='ocrx_word' id='word_1_264' title='bbox 1404 3463 1476 3504; x_wconf 87' lang='lat' dir='ltr'><strong>oum</strong></span> 
     </span>
     <span class='ocr_line' id='line_1_31' title="bbox 312 3543 1477 3627; baseline 0.003 -23"><span class='ocrx_word' id='word_1_265' title='bbox 312 3543 437 3605; x_wconf 79' lang='lat' dir='ltr'><strong>tabulae</strong></span> <span class='ocrx_word' id='word_1_266' title='bbox 459 3544 652 3624; x_wconf 81' lang='lat' dir='ltr'><strong>docerentur,</strong></span> <span class='ocrx_word' id='word_1_267' title='bbox 679 3556 734 3606; x_wconf 91' lang='lat' dir='ltr'><strong>aut</strong></span> <span class='ocrx_word' id='word_1_268' title='bbox 755 3563 857 3606; x_wconf 74' lang='lat' dir='ltr'><strong>nouus</strong></span> <span class='ocrx_word' id='word_1_269' title='bbox 871 3547 1017 3626; x_wconf 83' lang='lat' dir='ltr'><strong>prologus</strong></span> <span class='ocrx_word' id='word_1_270' title='bbox 1033 3546 1217 3626; x_wconf 86' lang='lat' dir='ltr'><strong>fingebatur,</strong></span> <span class='ocrx_word' id='word_1_271' title='bbox 1244 3546 1328 3627; x_wconf 83' lang='lat' dir='ltr'><strong>quod</strong></span> <span class='ocrx_word' id='word_1_272' title='bbox 1343 3548 1375 3607; x_wconf 91' lang='lat' dir='ltr'><strong>in</strong></span> <span class='ocrx_word' id='word_1_273' title='bbox 1389 3549 1477 3608; x_wconf 87' lang='lat' dir='ltr'><strong>Tru-</strong></span> 
     </span>
     <span class='ocr_line' id='line_1_32' title="bbox 312 3642 1477 3729; baseline 0.002 -22"><span class='ocrx_word' id='word_1_274' title='bbox 312 3647 433 3707; x_wconf 87' lang='lat' dir='ltr'><strong>culento</strong></span> <span class='ocrx_word' id='word_1_275' title='bbox 456 3646 570 3710; x_wconf 86' lang='lat' dir='ltr'><strong>lactum</strong></span> <span class='ocrx_word' id='word_1_276' title='bbox 594 3667 664 3710; x_wconf 87' lang='lat' dir='ltr'><strong>esse</strong></span> <span class='ocrx_word' id='word_1_277' title='bbox 686 3647 876 3725; x_wconf 87' lang='lat' dir='ltr'><strong>uidebimus,</strong></span> <span class='ocrx_word' id='word_1_278' title='bbox 904 3658 959 3711; x_wconf 90' lang='lat' dir='ltr'><strong>aut</strong></span> <span class='ocrx_word' id='word_1_279' title='bbox 981 3642 1180 3710; x_wconf 68' lang='lat' dir='ltr'><strong>excusatione</strong></span> <span class='ocrx_word' id='word_1_280' title='bbox 1201 3667 1281 3729; x_wconf 86' lang='lat' dir='ltr'><strong>opus</strong></span> <span class='ocrx_word' id='word_1_281' title='bbox 1297 3649 1365 3727; x_wconf 82' lang='lat' dir='ltr'><strong>luit,</strong></span> <span class='ocrx_word' id='word_1_282' title='bbox 1393 3659 1429 3711; x_wconf 93' lang='lat' dir='ltr'><strong>ut</strong></span> <span class='ocrx_word' id='word_1_283' title='bbox 1444 3651 1477 3710; x_wconf 93' lang='lat' dir='ltr'><strong>in</strong></span> 
     </span>
     <span class='ocr_line' id='line_1_33' title="bbox 311 3749 1477 3831; baseline 0.003 -23"><span class='ocrx_word' id='word_1_284' title='bbox 311 3750 369 3809; x_wconf 87' lang='lat' dir='ltr'><strong>bae</strong></span> <span class='ocrx_word' id='word_1_285' title='bbox 390 3749 506 3810; x_wconf 78' lang='lat' dir='ltr'><strong>labala.</strong></span> <span class='ocrx_word' id='word_1_286' title='bbox 547 3753 633 3824; x_wconf 85' lang='lat' dir='ltr'><strong>Quae</strong></span> <span class='ocrx_word' id='word_1_287' title='bbox 656 3752 681 3812; x_wconf 91' lang='lat' dir='ltr'><strong>si</strong></span> <span class='ocrx_word' id='word_1_288' title='bbox 704 3761 786 3812; x_wconf 87' lang='lat' dir='ltr'><strong>reete</strong></span> <span class='ocrx_word' id='word_1_289' title='bbox 808 3751 964 3828; x_wconf 86' lang='lat' dir='ltr'><strong>disputata</strong></span> <span class='ocrx_word' id='word_1_290' title='bbox 988 3759 1078 3830; x_wconf 81' lang='lat' dir='ltr'><strong>sunt,</strong></span> <span class='ocrx_word' id='word_1_291' title='bbox 1110 3751 1198 3814; x_wconf 82' lang='lat' dir='ltr'><strong>facile</strong></span> <span class='ocrx_word' id='word_1_292' title='bbox 1223 3751 1300 3813; x_wconf 91' lang='lat' dir='ltr'><strong>inde</strong></span> <span class='ocrx_word' id='word_1_293' title='bbox 1321 3752 1477 3831; x_wconf 87' lang='lat' dir='ltr'><strong>colligitur</strong></span> 
     </span>
    </p>
   </div>
   <div class='ocr_carea' id='block_1_3' title="bbox 312 3921 1475 4157">
    <p class='ocr_par' dir='ltr' id='par_1_6' title="bbox 312 3921 1475 4157">
     <span class='ocr_line' id='line_1_34' title="bbox 383 3921 1475 3989; baseline 0.005 -21"><span class='ocrx_word' id='word_1_294' title='bbox 383 3921 405 3982; x_wconf 79' lang='lat' dir='ltr'><strong>t)</strong></span> <span class='ocrx_word' id='word_1_295' title='bbox 427 3922 524 3971; x_wconf 87' lang='lat' dir='ltr'><strong>Osann.</strong></span> <span class='ocrx_word' id='word_1_296' title='bbox 540 3922 556 3972; x_wconf 92' lang='lat' dir='ltr'><strong>l.</strong></span> <span class='ocrx_word' id='word_1_297' title='bbox 573 3922 590 3971; x_wconf 92' lang='lat' dir='ltr'><strong>l.</strong></span> <span class='ocrx_word' id='word_1_298' title='bbox 605 3936 630 3985; x_wconf 93' lang='lat' dir='ltr'><strong>p.</strong></span> <span class='ocrx_word' id='word_1_299' title='bbox 648 3926 696 3970; x_wconf 74' lang='lat' dir='ltr'><strong>tta</strong></span> <span class='ocrx_word' id='word_1_300' title='bbox 710 3926 737 3972; x_wconf 89' lang='lat' dir='ltr'><strong>et</strong></span> <span class='ocrx_word' id='word_1_301' title='bbox 750 3926 797 3971; x_wconf 79' lang='lat' dir='ltr'><strong>tre</strong></span> <span class='ocrx_word' id='word_1_302' title='bbox 812 3935 869 3986; x_wconf 85' lang='lat' dir='ltr'><strong>sq.;</strong></span> <span class='ocrx_word' id='word_1_303' title='bbox 888 3922 1015 3972; x_wconf 81' lang='lat' dir='ltr'><strong>Ritschel.</strong></span> <span class='ocrx_word' id='word_1_304' title='bbox 1037 3923 1141 3986; x_wconf 86' lang='lat' dir='ltr'><strong>Parerg.</strong></span> <span class='ocrx_word' id='word_1_305' title='bbox 1157 3923 1240 3972; x_wconf 87' lang='lat' dir='ltr'><strong>Plaut.</strong></span> <span class='ocrx_word' id='word_1_306' title='bbox 1256 3923 1361 3973; x_wconf 89' lang='lat' dir='ltr'><strong>Terent.</strong></span> <span class='ocrx_word' id='word_1_307' title='bbox 1383 3937 1409 3989; x_wconf 91' lang='lat' dir='ltr'><strong>p.</strong></span> <span class='ocrx_word' id='word_1_308' title='bbox 1425 3928 1475 3974; x_wconf 71' lang='lat'><strong>2³³</strong></span> 
     </span>
     <span class='ocr_line' id='line_1_35' title="bbox 312 4007 1474 4073; baseline 0.003 -17"><span class='ocrx_word' id='word_1_309' title='bbox 312 4019 369 4069; x_wconf 86' lang='lat' dir='ltr'><strong>sq.;</strong></span> <span class='ocrx_word' id='word_1_310' title='bbox 391 4007 489 4070; x_wconf 85' lang='lat' dir='ltr'><strong>Ltebig.</strong></span> <span class='ocrx_word' id='word_1_311' title='bbox 511 4008 528 4056; x_wconf 90' lang='lat' dir='ltr'><strong>l.</strong></span> <span class='ocrx_word' id='word_1_312' title='bbox 550 4007 566 4056; x_wconf 92' lang='lat' dir='ltr'><strong>l.</strong></span> <span class='ocrx_word' id='word_1_313' title='bbox 587 4020 613 4072; x_wconf 90' lang='lat' dir='ltr'><strong>p.</strong></span> <span class='ocrx_word' id='word_1_314' title='bbox 635 4011 681 4066; x_wconf 79' lang='lat' dir='ltr'><strong>tt;</strong></span> <span class='ocrx_word' id='word_1_315' title='bbox 702 4007 826 4056; x_wconf 86' lang='lat' dir='ltr'><strong>Dziatzko</strong></span> <span class='ocrx_word' id='word_1_316' title='bbox 845 4008 861 4056; x_wconf 90' lang='lat' dir='ltr'><strong>l.</strong></span> <span class='ocrx_word' id='word_1_317' title='bbox 883 4008 900 4056; x_wconf 90' lang='lat' dir='ltr'><strong>l.</strong></span> <span class='ocrx_word' id='word_1_318' title='bbox 921 4021 946 4073; x_wconf 89' lang='lat' dir='ltr'><strong>p.</strong></span> <span class='ocrx_word' id='word_1_319' title='bbox 968 4011 1017 4058; x_wconf 76' lang='lat' dir='ltr'><strong>tta</strong></span> <span class='ocrx_word' id='word_1_320' title='bbox 1036 4011 1064 4057; x_wconf 91' lang='lat' dir='ltr'><strong>et</strong></span> <span class='ocrx_word' id='word_1_321' title='bbox 1080 4007 1114 4058; x_wconf 91' lang='lat' dir='ltr'><strong>de</strong></span> <span class='ocrx_word' id='word_1_322' title='bbox 1133 4007 1200 4073; x_wconf 90' lang='lat' dir='ltr'><strong>prol.</strong></span> <span class='ocrx_word' id='word_1_323' title='bbox 1216 4008 1298 4058; x_wconf 86' lang='lat' dir='ltr'><strong>Plaut.</strong></span> <span class='ocrx_word' id='word_1_324' title='bbox 1320 4012 1349 4058; x_wconf 90' lang='lat' dir='ltr'><strong>et</strong></span> <span class='ocrx_word' id='word_1_325' title='bbox 1366 4007 1474 4059; x_wconf 90' lang='lat' dir='ltr'><strong>Terent.</strong></span> 
     </span>
     <span class='ocr_line' id='line_1_36' title="bbox 314 4091 1017 4157; baseline 0.003 -17"><span class='ocrx_word' id='word_1_326' title='bbox 314 4095 499 4157; x_wconf 60' lang='lat' dir='ltr'><strong>pwmffi</strong></span> <span class='ocrx_word' id='word_1_327' title='bbox 606 4091 1017 4156; x_wconf 54' lang='lat' dir='ltr'><strong>mmmmmpwm</strong></span> 
     </span>
    </p>
   </div>
   <div class='ocr_carea' id='block_1_4' title="bbox 384 4177 1332 4244">
    <p class='ocr_par' dir='ltr' id='par_1_7' title="bbox 384 4177 1332 4244">
     <span class='ocr_line' id='line_1_37' title="bbox 384 4177 1332 4244; baseline 0 -16"><span class='ocrx_word' id='word_1_328' title='bbox 384 4180 405 4238; x_wconf 77' lang='lat'><strong>3]</strong></span> <span class='ocrx_word' id='word_1_329' title='bbox 430 4177 468 4232; x_wconf 82' lang='lat' dir='ltr'><strong>Gi.</strong></span> <span class='ocrx_word' id='word_1_330' title='bbox 489 4179 633 4228; x_wconf 86' lang='lat' dir='ltr'><strong>Scaenicae</strong></span> <span class='ocrx_word' id='word_1_331' title='bbox 652 4181 824 4244; x_wconf 88' lang='lat' dir='ltr'><strong>quaestiones</strong></span> <span class='ocrx_word' id='word_1_332' title='bbox 844 4179 989 4229; x_wconf 84' lang='lat' dir='ltr'><strong>Plautinae.</strong></span> <span class='ocrx_word' id='word_1_333' title='bbox 1011 4191 1062 4229; x_wconf 88' lang='lat' dir='ltr'><strong>sor.</strong></span> <span class='ocrx_word' id='word_1_334' title='bbox 1084 4180 1113 4229; x_wconf 89' lang='lat' dir='ltr'><strong>G.</strong></span> <span class='ocrx_word' id='word_1_335' title='bbox 1136 4179 1222 4229; x_wconf 85' lang='lat' dir='ltr'><strong>Habn.</strong></span> <span class='ocrx_word' id='word_1_336' title='bbox 1243 4192 1269 4244; x_wconf 91' lang='lat' dir='ltr'><strong>p.</strong></span> <span class='ocrx_word' id='word_1_337' title='bbox 1292 4181 1332 4228; x_wconf 83' lang='lat' dir='ltr'><strong>tt.</strong></span> 
     </span>
    </p>
   </div>
   <div class='ocr_carea' id='block_1_5' title="bbox 0 0 1570 5028">
    <p class='ocr_par' dir='ltr' id='par_1_8' title="bbox 0 0 1570 5028">
     <span class='ocr_line' id='line_1_38' title="bbox 0 0 1570 5028; baseline 0 0"><span class='ocrx_word' id='word_1_338' title='bbox 0 0 1570 5028; x_wconf 95' lang='lat' dir='ltr'><strong> </strong></span> 
     </span>
    </p>
   </div>
  </div>
 </body>
</html>
