3086 5024
298 423 359 484 156
723 423 877 483 Eorrrnvs
901 423 1025 482 Bactara

296 613 363 654 earn
388 613 481 673 quam
505 612 566 654 uua
591 612 661 655 cum
685 594 797 673 puellis
819 595 849 652 in
873 593 993 653 lenonis
1014 600 1167 672 potestate
1187 612 1257 653 csse
1273 594 1374 670 sciuit,
1399 593 1461 653 iam

295 716 356 758 non
385 695 532 758 dubitans
563 698 742 758 Hannonem
773 698 959 776 interrogare
987 697 1100 776 potuit:
1144 697 1200 756 Vin
1231 714 1299 757 cam
1329 693 1461 756 uideret

296 802 384 860 Hunc
407 802 628 861 sententiarum
651 799 791 861 ordinem
807 808 1018 880 expectamus.
1056 800 1162 878 ltaque
1178 798 1252 859 mihi
1276 817 1460 878 persuasum

296 911 345 964 ast
367 920 566 980 personarum
590 902 820 981 discriptionem
848 901 989 964 inlibris
1012 901 1223 982 perturbatam
1245 919 1333 979 esse,
1366 910 1459 980 atque

297 1024 368 1066 cum
392 1005 537 1066 uersibus
560 1023 635 1066 suae
659 1025 783 1085 quoque
805 1023 957 1085 personae
979 1004 1102 1066 tributis
1125 1005 1306 1082 aptissimus
1329 1013 1459 1065 senten-

298 1110 409 1168 tiarum
440 1127 578 1170 conexus
608 1109 774 1186 efficiatur,
807 1127 870 1169 uon
899 1106 1009 1169 dubito
1038 1126 1165 1168 uersum
1196 1109 1278 1168 1999
1306 1107 1459 1186 Milphioni

300 1210 384 1272 dare.
425 1209 469 1271 Ac
484 1210 587 1290 simul,
614 1230 684 1272 curn
700 1221 826 1293 propter
840 1212 924 1273 huuc
944 1229 1039 1290 quam
1062 1209 1198 1271 diximus
1225 1229 1351 1271 sensum
1375 1220 1459 1271 tcm-
1484 1238 1489 1245 ·

296 1333 357 1394 pus
372 1315 571 1394 praeteritum
587 1333 702 1394 ponere
718 1322 863 1396 praestet,
889 1313 1087 1375 scribendum
1103 1314 1176 1376 crit:
1205 1333 1266 1394 qna
1285 1322 1351 1374 erat
1365 1311 1455 1391 facie.

298 1419 393 1477 Totus
416 1419 509 1496 igitur
531 1419 616 1478 locus
639 1419 683 1479 sic
704 1420 763 1479 erit
784 1415 1008 1479 restituendus:

297 1520 401 1598 Milph.
857 1522 902 1581 Ea
924 1521 1020 1582 tercie
1043 1521 1203 1582 mortalem
1225 1528 1326 1581 catam

440 1624 552 1684 Maiam
575 1631 743 1702 amintam,
769 1622 910 1684 callidam
934 1630 1024 1704 atque
1046 1622 1220 1684 subdolam!

445 1728 478 1786 Vt
500 1724 613 1804 adstet!
638 1729 712 1801 (tais
735 1726 820 1790 iiiam
841 1733 956 1807 pectam
977 1725 1074 1805 saciat
1094 1725 1236 1805 facilius?

442 1830 489 1890 Mc
511 1847 626 1910 qaoque
649 1829 725 1890 dolis
748 1829 810 1888 iam
832 1835 957 1910 stiparet
979 1828 1219 1890 architectonem.
1253 1862 1292 1874 -

443 1929 503 1992 Sed
525 1949 629 1992 earam
653 1931 774 2010 aalma,
799 1950 860 2011 qua
883 1940 950 1992 orat
971 1931 1065 2010 facie,
1091 1931 1132 1990 mi
1155 1929 1279 2010 expedi.

298 2036 413 2096 Hanno.
442 2035 573 2096 Statura
594 2035 657 2096 tau
679 2052 802 2114 maana,
828 2053 952 2116 corpore
974 2035 1087 2117 aquia»,
1113 2031 1216 2112 Miiph.
1244 2036 1316 2114 ipra
1337 2040 1410 2094 east.

299 2138 415 2198 Hanno.
445 2139 549 2216 Specie
571 2145 708 2214 timasio,
735 2155 787 2197 ore
810 2145 900 2218 atque
923 2138 1015 2200 ocuir'a
1035 2137 1198 2217 peraipris.

297 2240 400 2318 Milph.
437 2241 577 2300 Formam
600 2239 720 2318 quidem
743 2239 840 2301 tercie
861 2241 963 2304 uerba
985 2239 1125 2320 depiaoeti
1143 2237 1257 2320 probe,·

448 2343 500 2401 Via
523 2359 588 2402 eoae
611 2341 737 2403 uidere?
760 2344 878 2404 Hanno.
905 2343 999 2404 Filius
1019 2341 1098 2403 malo
1120 2359 1214 2404 meas.

299 2443 415 2518 Quodsi
437 2445 508 2524 quis
532 2453 654 2525 tempus
677 2464 826 2526 praesens
849 2463 974 2508 seruare
998 2445 1139 2523 nolucrit,
1165 2444 1292 2507 scribat:

428 2547 489 2608 Sed
510 2567 616 2609 coram
638 2551 750 2610 natrice
772 2548 855 2631 quad
876 2558 919 2612 eat
940 2549 1033 2628 facie,
1060 2549 1103 2609 mi
1122 2547 1251 2628 eoepcdi;

298 2670 401 2732 noque
424 2652 506 2712 cuim
528 2650 663 2714 scribere
685 2652 771 2713 licet:

429 2755 491 2815 Sed
513 2771 620 2815 earam
643 2756 752 2816 autrioe
774 2755 892 2835 quoiast
912 2753 1003 2834 facie,
1028 2755 1072 2815 mi
1093 2751 1213 2835 expedi,

298 2877 368 2919 cum
391 2857 518 2919 Plautus
547 2866 722 2919 constanter
751 2855 847 2919 dicat:
880 2875 942 2937 qua
968 2856 1060 2935 facie,
1092 2859 1143 2918 nti
1179 2857 1267 2936 Gapt.
1295 2857 1372 2934 ora,
1406 2857 1462 2934 qui

298 2962 383 3022 locus
406 2970 454 3021 est
476 2961 548 3020 huic
571 2968 674 3021 nostro
697 2961 881 3022 simillimus.
913 2959 992 3021 liud.
1019 2960 1093 3021 565.
1122 2961 1214 3020 itta.
1244 2958 1335 3018 titt.
1369 2955 1458 3019 Asin.

299 3065 373 3124 353.
399 3065 472 3123 399.
499 3061 609 3124 Pseud.
638 3063 711 3126 rat.
739 3063 830 3126 1217,
858 3066 947 3124 Poen.
974 3064 1022 3141 ΙΙΙ,
1050 3063 1158 3141 aaa.
1186 3063 1269 3122 Tria.
1296 3061 1368 3121 903.

345 3166 370 3247 5)
398 3172 502 3227 Pseud.
530 3175 584 3228 95⁴
618 3164 688 3247 (1111,
718 3176 745 3240 t,
775 3166 823 3248 it)
860 3172 916 3227 Sed
937 3171 1073 3242 prdpara
1096 3171 1166 3226 mihi
1194 3170 1372 3238 monstrare,
1408 3169 1461 3225 nbi
1540 3201 1541 3248 ;

882 3273 1011 3330 ostidrnst
1035 3275 1143 3331 tenonis
1167 3271 1290 3328 ae'diam.
1540 3249 1541 3254 ἵ

299 3373 390 3433 talem
414 3373 602 3434 octonarium
626 3370 794 3433 iambicum
816 3373 950 3433 restituit
965 3371 1092 3450 Ritscirl,
1118 3369 1175 3432 sed
1196 3387 1323 3432 caesura
1346 3388 1462 3432 careu-

300 3483 371 3537 tem.
412 3474 494 3535 Libri
509 3473 675 3553 praebent:
703 3476 742 3536 sit
754 3476 810 3536 aito
824 3476 953 3536 steaoais
975 3475 1007 3553 B,
1026 3475 1068 3535 ait
1081 3475 1229 3535 osteaam‘s
1245 3473 1305 3534 (ID.
1324 3473 1460 3532 Primum

301 3578 408 3639 ostiam
431 3577 551 3638 aedium
573 3576 756 3638 abhorrete
780 3576 1099 3652 sermonePiantino;
1132 3593 1204 3636 uam
1237 3574 1270 3635 id
1291 3572 1375 3653 quod
1405 3593 1462 3635 nos

299 3680 429 3742 dicimus
438 3679 649 3741 »comittere«
661 3680 786 3742 Plautus
801 3680 865 3741 sola
881 3681 986 3742 ostiam
999 3699 1076 3742 uoce
1090 3677 1221 3739 reddere
1236 3677 1323 3754 solet,
1343 3677 1463 3738 aedium

298 3785 441 3862 genetiuo
462 3802 523 3844 uon
547 3781 663 3861 addito,
691 3784 783 3844 etiam
806 3793 882 3860 tum,
909 3782 964 3844 nbi
979 3784 1086 3844 ostiam
1101 3781 1253 3844 uocabulo
1275 3789 1330 3842 aut
1344 3799 1464 3860 prono-

299 3906 368 3947 men
392 3887 605 3965 possessiuum
633 3887 701 3960 (Mil.
722 3888 799 3945 399:
823 3894 959 3948 ..certa
980 3905 1029 3946 rer
1052 3893 1094 3946 est
1109 3885 1195 3945 Noae
1216 3893 1381 3945 nostram
1405 3883 1463 3944 ob-

298 4007 426 4051 seruare
448 3990 602 4065 ostiam;
630 3989 703 4051 Cist.
730 3989 791 4067 lili,
820 3991 847 4066 i,
878 3987 932 4048 ii:
968 3997 1021 4050 out
1050 3989 1117 4069 qais
1145 3986 1219 4048 deas
1247 3985 1355 4048 obiecit
1383 3985 1464 4047 hauc
1539 4013 1540 4048 i

301 4099 369 4152 aute
391 4093 529 4152 ostiam
553 4092 735 4174 nostram)
762 4102 817 4153 aut
844 4093 1007 4171 genetiuus
1036 4089 1202 4172 apponitur
1228 4088 1350 4165 (Pseud.
1380 4090 1457 4148 ⁴30:

302 4195 443 4255 Ostiam
461 4195 601 4257 ieaoais
616 4196 755 4278 crepuit).
781 4195 951 4256 Genetiuus
968 4195 1086 4256 aedium
1101 4193 1192 4272 igitur
1206 4209 1263 4270 pro
1278 4192 1465 4271 glossemate
