3126 5028
286 433 327 492 lla
351 436 478 495 Srnrlxr
504 435 780 494 lnrunnomnouvn
804 433 1003 502 Onniovinvn.
1160 431 1212 490 121

63 603 239 663 coniunctae
274 614 365 682 sunt,
403 614 506 666 tamcn
541 613 682 666 naturam
716 605 945 664 enuntiatorum
980 620 1053 662 uere
1083 604 1218 662 interro-

60 705 227 784 gatinorum
261 709 409 768 retinent:
446 726 500 768 eas
522 708 591 769 dico
612 708 882 786 interrogationes,
916 723 996 784 quae
1018 703 1157 782 pendent
1179 725 1218 764 ex

60 807 206 869 eiusmodi
230 811 398 872 enuntiatis
421 812 585 890 primariis,
612 811 728 891 quibus
750 810 854 888 aliquo
877 807 966 868 modo
989 825 1044 868 nos
1060 807 1099 868 de
1115 807 1216 886 aliqua

59 927 88 969 re
116 913 263 973 certiores
284 913 358 974 lieri
387 914 467 975 uelle
494 913 664 993 indicatur,
703 914 789 975 uelut
817 911 892 991 dic,
929 911 1098 990 loquere,
1136 911 1218 974 uolo

57 1014 176 1092 scire,
218 1035 325 1096 rogo,
362 1018 464 1094 uiso,
502 1018 626 1098 cogito
660 1016 828 1089 similibus;
866 1016 970 1092 itaque
998 1013 1054 1074 has
1081 1013 1218 1073 interro-

58 1116 189 1193 gationes
226 1117 422 1197 ’proprias’
456 1120 612 1200 appellare
645 1119 745 1181 liceat.
793 1120 874 1180 Sunt
906 1125 1007 1177 autem
1042 1116 1218 1193 interroga-

58 1218 169 1280 tionum
193 1223 391 1300 propriarum
414 1241 523 1302 genera
548 1224 615 1301 tria,
642 1231 734 1300 prout
756 1222 792 1299 is,
818 1222 872 1300 qui
895 1219 1041 1298 loquitur,

136 1321 172 1382 A.
193 1321 237 1401 id,
259 1324 342 1403 quod
359 1326 518 1386 enuntiato
533 1325 748 1404 interrogatiuo
764 1324 946 1399 continetur,
973 1322 1051 1381 scire
1066 1338 1100 1380 se
1115 1322 1217 1400 ipsum

180 1426 265 1486 uelle
306 1428 482 1506 profitetur,
525 1427 627 1508 (atque
660 1428 691 1486 in
725 1427 774 1488 his
813 1427 888 1506 ipsis
927 1424 1217 1502 interrogationibus

180 1526 358 1590 uidendum
381 1539 439 1606 est,
465 1539 570 1590 utrum

262 1634 274 1691 l
298 1632 430 1693 alterum
447 1632 614 1712 quendam,
641 1651 735 1712 quem
750 1634 912 1709 interrogo,
939 1630 1014 1689 mibi
1030 1629 1218 1710 respondere

306 1735 442 1814 iubeam,
470 1753 508 1795 an

261 1839 287 1897 ll
310 1857 360 1898 me
383 1837 502 1917 aliquid
525 1837 672 1898 sciscitari
695 1839 736 1897 ita
767 1845 887 1898 tantum
917 1832 1068 1912 indicem,
1103 1843 1137 1895 nt
1165 1836 1217 1894 al-

305 1941 407 2002 terum
430 1941 552 2001 nullum
576 1939 792 2020 interrogando
815 1938 991 2020 appellem.)

134 2042 167 2101 B.
195 2042 229 2103 id
254 2041 360 2121 refert,
387 2042 471 2122 quod
495 2043 562 2103 siue
585 2043 626 2103 ab
649 2043 708 2104 alio
730 2042 865 2122 quodam
889 2043 956 2102 siue
972 2041 1031 2101 alio
1046 2050 1216 2119 temporea

178 2163 213 2206 se
236 2147 307 2226 ipso
330 2147 587 2224 quaesitumest,

134 2248 168 2309 C.
196 2248 296 2308 alium
321 2248 478 2326 quendam
503 2248 649 2309 sciscitari
674 2245 793 2326 aliquid
817 2246 912 2307 iubet.

616 2554 652 2617 Α.

623 2761 645 2819 l.

131 2965 199 3024 Non
226 2965 331 3024 omnia
355 2965 628 3044 interrogationum
644 2982 722 3042 quas
739 2963 875 3025 diximus
891 2967 1084 3045 propriarum
1101 2984 1211 3043 genera

51 3069 267 3142 parataotioam
293 3066 378 3127 illam
401 3075 587 3128 structuram
608 3067 788 3142 ostendunt,
816 3067 871 3128 sed
894 3086 948 3128 eae
972 3077 1090 3130 tantum
1114 3070 1216 3129 inter-

53 3170 239 3246 rogationes,
274 3169 392 3248 quibus
415 3171 540 3248 generis
563 3171 655 3249 primi
678 3171 814 3250 speciem
837 3171 972 3249 priorem
995 3171 1215 3250 comprehendi

53 3269 209 3350 nolumus,
251 3289 306 3333 eas
335 3270 404 3332 dico
427 3273 700 3351 interrogationes,
727 3270 842 3350 quibus
872 3273 950 3332 alter
977 3273 1017 3333 ad
1047 3273 1096 3352 id,
1130 3274 1213 3352 quod

52 3373 273 3454 interrogatur,
309 3373 499 3455 respondere
529 3374 671 3453 iubetur,
704 3392 847 3455 quaeque
869 3375 961 3436 simili
986 3394 1114 3437 munere
1133 3375 1215 3435 lun-

51 3485 159 3552 guntur
197 3486 296 3556 atque
334 3478 589 3557 interrogationes
623 3487 733 3538 rectae.
788 3479 892 3554 ltaque
927 3479 958 3536 in
991 3477 1040 3536 his
1073 3479 1214 3557 inprimis

50 3576 345 3658 interrogationibus
368 3581 541 3658 priscorum
564 3582 748 3660 scriptorum
764 3598 841 3640 usus
856 3599 872 3640 a
889 3581 1092 3659 posteriorum
1108 3581 1214 3658 scrip—

51 3689 145 3740 torum
168 3679 325 3760 loquendi
349 3681 466 3741 ratione
490 3680 603 3742 differt.
645 3680 703 3742 Vbi
727 3682 809 3742 enim
825 3679 909 3760 apud
926 3682 1102 3741 Ciceronem
1120 3690 1212 3760 atque

49 3786 221 3859 posterioris
254 3785 367 3843 aetatis
398 3785 563 3863 scriptores
595 3785 791 3862 interrogatio
815 3804 853 3843 ex
877 3782 1029 3843 eiusmodi
1053 3785 1213 3845 enuntiato

49 3887 189 3961 primario
220 3884 358 3967 pendet,
391 3885 526 3946 uerbum
552 3887 798 3964 interrogationis
822 3886 1055 3946 coniunctiuum
1078 3885 1210 3948 induere

50 3987 129 4067 solet,
156 3988 245 4068 apud
270 3989 390 4068 priscos
413 4006 487 4048 uero
512 3988 676 4065 scriptores
700 3990 730 4047 in
756 3989 831 4067 ipsis
855 3987 902 4048 his
918 3988 1212 4067 interrogationibus

49 4088 193 4171 obliquis,
222 4090 286 4151 nisi
311 4090 404 4150 certis
428 4089 630 4168 quibusdam,
657 4108 737 4169 quae
760 4089 907 4168 deinceps
930 4090 1208 4171 enumerabuntur,

50 4192 284 4255 condicionibus
308 4194 528 4254 coniunctinus
551 4192 755 4272 flagitabatur,
781 4191 986 4253 indicatinum
1002 4211 1094 4253 suum
1111 4193 1211 4257 locum
