3126 5028
283 408 328 467 'll
727 407 877 468 docueris
899 411 1003 468 troas.

366 579 536 656 Postquam·
555 581 629 640 haec
652 580 734 660 typis
757 578 867 640 tradita
892 585 982 655 suut,
1010 575 1247 639 Studemundus
1270 593 1320 637 me
1345 576 1452 637 docuit
1555 647 1556 656 .

282 682 312 740 in
336 682 508 742 nouissima
530 683 696 743 uolumine*
711 681 859 760 Philologi
876 674 1082 760 Gottingensis
1110 679 1209 761 (XXX
1227 697 1280 759 pps
1309 671 1452 760 lilllsq.)¹

281 785 421 864 Sophum
445 786 594 864 Boggium
619 785 752 847 laudatis
774 784 931 845 nonnullis
954 803 995 844 ex·
1016 785 1061 843 eis
1080 783 1242 861 exemplis,
1268 781 1308 844 de
1331 782 1451 860 quillus

281 905 381 967 supra*
400 887 502 949 uerba·
519 888 667 968 lecimus,
693 885 846 950 diiambus
867 887 918 948 uel
940 887 1076 947 creticos*
1095 903 1175 947 oum*
1195 879 1308 947 iambis
1331 887 1371 945 in
1388 886 1452 945 fine
1556 923 1557 934 .

282 991 472 1051 senariorum
495 990 695 1052 iambioorum
720 1001 755 1051 et·
774 991 1018 1071 septenariorum
1034 989 1254 1050 trochaicorum
1269 1007 1333 1049 non
1358 990 1453 1050 solli-

284 1092 424 1154 citandos
441 1112 509 1154 esse
525 1094 693 1172 censuisse,
719 1104 751 1155 et
773 1095 901 1173 insuper
915 1107 1032 1154 nouum
1055 1093 1232 1171 exemplum
1257 1093 1362 1153 cretici
1378 1111 1452 1152 cum
1557 1171 1558 1184 χ

283 1194 385 1256 iambo
401 1195 658 1257 imexitu'senarii
670 1196 768 1257 Stich.
785 1197 846 1257 256
863 1196 1036 1257 coniectura
1052 1193 1282 1256 addidisse·hcc
1302 1193 1343 1275 (pt
1360 1193 1447 1274 illlis
1557 1191 1558 1194 ’

414 1299 528 1379 Napdto
551 1299 633 1360 mihi·
646 1317 708 1360 esse
730 1301 784 1360 acc
807 1298 886 1378 quod
906 1304 1039 1360 mutuom
1061 1299 1156 1359 duim.

370 1399 414 1459 De
442 1402 551 1462 ceteris
581 1400 744 1475 uersibus,
776 1421 855 1481 quos
885 1402 936 1462 uir
961 1400 1158 1462 doctissimus
1185 1402 1208 1460 l'.
1233 1400 1253 1460 l.
1279 1401 1449 1479 congessit,
1558 1421 1559 1424 ¹

285 1523 354 1563 cum
378 1521 472 1582 supra
495 1503 596 1564 lusius
618 1506 872 1583 exposuerimus,
907 1503 964 1563 hoc
990 1503 1056 1564 loco
1083 1519 1145 1564 eos
1158 1512 1277 1564 tantum
1302 1505 1455 1582 attingere

284 1605 369 1685 llbeq
396 1605 514 1685 quibus
529 1617 688 1687 praeterea
704 1609 821 1668 exitum
838 1607 936 1686 illum,
963 1622 1057 1686 quem
1072 1619 1132 1667 nos
1144 1605 1370 1667 damnandum*
1381 1625 1454 1666 esse
1559 1665 1560 1672 ,

286 1708 452 1788 duximus,
484 1708 610 1770 delendi
638 1728 728 1790 posse
758 1710 828 1770 sibi
846 1711 1011 1791 persuasit.
1051 1707 1153 1788 Atque
1183 1710 1329 1788 quosnam
1361 1708 1450 1771 Asin:

286 1812 364 1892 prol.
392 1813 425 1871 ll
455 1813 571 1874 Mdcius
593 1830 649 1891 pro
672 1814 805 1874 Maccius
828 1814 1002 1876 restitutum
1026 1813 1075 1890 sit,
1102 1813 1192 1873 etiam
1210 1815 1298 1872 llere.
1317 1813 1396 1892 prol.
1417 1815 1449 1891 6,

286 1915 343 1976 ubi
366 1915 550 1976 Ritsohelius
572 1914 704 1978 ediderit
727 1916 842 1977 Ecddm
862 1917 969 1978 Latine
984 1918 1134 1977 Mercator
1155 1916 1254 1977 Macci
1278 1916 1344 1991 Titi,
1365 1917 1454 1996 Bug—
1560 1931 1561 1982 3

285 2018 354 2096 gius
378 2018 459 2078 Muci
481 2019 675 2097 scripturam·
689 2026 720 2078 et
742 2013 967 2079 dimensionem
991 2017 1154 2079 iambicam
1185 2017 1452 2097 comprobandam

285 2139 354 2180 csse
384 2117 467 2181 dicit.
510 2119 572 2183 Sed
600 2134 675 2182 num
703 2118 788 2181 A'sin.
820 2119 898 2199 prol.
928 2122 960 2180 ll
997 2122 1144 2182 lllccct'cs⁴
1162 2129 1244 2180 recte
1275 2121 1307 2180 in
1333 2117 1455 2182 uaros
1561 2191 1562 2218 ¹

287 2223 508 2301 mutatumsit,
527 2221 696 2284 admodum
711 2222 842 2285 dubium
858 2232 921 2301 est3
941 2222 1050 2284 saltem
1067 2221 1175 2284 eodem
1192 2222 1270 2302 iure,
1290 2242 1353 2302 quo
1368 2243 1457 2285 nunc
1561 2219 1562 2246 ¹

287 2325 404 2384 Mucius
419 2324 573 2404 scribitur,
593 2327 684 2387 etiam
703 2325 813 2388 Moccis'
828 2321 925 2386 fuisse
940 2334 1050 2407 potest,
1070 2342 1165 2404 quam
1186 2326 1367 2389 nominatim
1385 2326 1456 2388 lor-

288 2445 369 2485 mam
387 2426 622 2508 studemundus
638 2429 670 2489 in
694 2429 806 2489 soh'olis
826 2429 950 2508 prologo
973 2419 1168 2506 uindicauit3'
1186 2430 1239 2506 qui
1263 2430 1358 2489 simul
1380 2450 1456 2490 mo-

289 2530 375 2607 nuit,
409 2530 435 2590 si
458 2532 542 2592 Muci
563 2530 687 2610 fuisset,
721 2550 783 2591 non
806 2531 959 2612 intellegi,
992 2533 1108 2593 curin
1137 2531 1209 2590 line
1225 2533 1338 2593 senarii
1361 2527 1453 2594 llere.

287 2632 363 2711 prol.
399 2634 416 2691 6
447 2634 529 2694 Mart
562 2635 622 2694 tut
650 2633 768 2695 insolita
806 2634 973 2696 uerborum
1007 2629 1164 2695 collocatio·
1190 2625 1368 2712 simpliciori
1400 2638 1458 2697 Titi

291 2736 530 2815 lirici-'praelata
553 2737 602 2796 sit.
644 2737 787 2798 Ceterum
810 2736 892 2815 inde,
919 2735 1003 2815 quod
1024 2745 1147 2798 ueteres
1170 2745 1377 2797 consonantes
1393 2757 1456 2798 non

291 2836 538 2917 duplicauerunt,
567 2840 692 2900 minime
714 2840 865 2918 sequitur,
891 2858 943 2900 eas
959 2839 1106 2918 syllabas,
1132 2857 1211 2919 quae
1234 2849 1455 2900 consonantem

287 2951 393 3020 postea
417 2939 574 3020 duplicem
596 2950 663 3003 tum
686 2943 858 3020 simplicem
882 2943 1124 3022 praecesserint,
1158 2940 1228 3002 ideo
1251 2953 1359 3003 omues
1382 2943 1455 3002 clim

289 3043 451 3128 correptim
474 3045 687 3123 pronuntiatas
710 3063 794 3121 esse3
828 3044 859 3105 id
891 3044 974 3123 quod
1004 3045 1096 3106 etiam
1118 3045 1350 3123 Fleckeisenus,
1383 3063 1456 3105 cum

258 3155 259 3158 ’
288 3146 465 3206 Miscent:
490 3165 542 3227 pp.
570 3145 611 3206 37
627 3165 695 3226 sqq.
724 3147 762 3208 de
791 3148 903 3228 sopt'ttc
925 3155 981 3208 etc.
1006 3157 1037 3207 et
1065 3150 1171 3227 capitu
1190 3154 1248 3207 etc:
1272 3155 1453 3226 exponeret,

289 3249 435 3326 neglexit.
476 3250 552 3309 Nam
576 3251 602 3309 si
617 3252 753 3312 Maccius
773 3248 893 3331 (capillo
909 3249 976 3330 etc.)
997 3268 1058 3310 non
1080 3248 1181 3310 solum
1205 3250 1279 3309 item
1302 3250 1455 3328 scriptum

290 3351 460 3413 sed-etlam
483 3353 716 3431 pronuntiatum
739 3364 787 3415 est
809 3360 902 3431 atque
925 3353 1049 3412 Mdcius
1071 3349 1181 3432 (sapito
1203 3350 1286 3432 etc),
1314 3365 1376 3411 non
1400 3355 1456 3412 in-

291 3455 455 3534 tellegitur,
481 3471 543 3516 cur
559 3453 683 3515 tandem
702 3453 816 3515 Mucius
839 3455 990 3530 scriptura
1013 3472 1074 3514 non
1099 3464 1279 3515 conseruata
1304 3454 1355 3515 sit.¹
1388 3457 1456 3516 lta*

290 3575 354 3635 quc
380 3558 501 3617 etiamsi
529 3559 645 3617 nactos
673 3566 704 3617 et
734 3557 829 3618 Moci*
844 3558 1021 3636 scripseriS,
1061 3565 1165 3616 tamen
1193 3557 1270 3617 hacc
1303 3557 1457 3618 uocabula

291 3659 469 3737 tribrachyn
499 3660 568 3741 (nco
591 3656 758 3740 dactylum)
786 3667 827 3720 et'
840 3658 980 3721 iambum*
1005 3653 1286 3741 (non·spondeum)'
1303 3673 1458 3739 aequasse

292 3763 419 3822 minime
441 3759 765 3822 demonstratumest.
1165 3755 1167 3762 '

378 3864 410 3924 Si
433 3882 524 3942 porro
545 3865 603 3925 uir·
617 3863 823 3925 doctissimus
837 3864 901 3923 luit:
928 3861 1020 3941 last,
1047 3863 1101 3924 ubi
1125 3862 1312 3925 Bitschelius
1334 3858 1436 3925 edidit

421 3966 455 4026 st
477 3967 576 4046 mapis
591 3967 649 4042 urs,
676 3983 743 4026 eum
759 3968 903 4027 omittam.
944 3966 1034 4027 Nolo:
1052 3966 1156 4026 retiae.
1183 3963 1330 4045 Adflicto'r
1348 3959 1459 4028 miser?

293 4069 324 4128 in
342 4069 401 4128 fine
426 4087 509 4146 ‚cum
525 4067 625 4127 libris‘
650 4060 759 4145 'adstet
776 4069 866 4130 misor
887 4067 947 4148 legi
963 4068 1060 4146 iubet,
1088 4066 1274 4129 monendum
1299 4077 1357 4146 est,
1378 4067 1460 4130 hanc

293 4172 452 4236 lectionem
477 4172 575 4252 ipsam
598 4170 630 4232 in
653 4169 741 4232 libris
764 4189 825 4231 non
849 4180 969 4249 extare,
1002 4170 1076 4231 BCD
1106 4171 1187 4230 enim
1217 4170 1371 4250 praebent
1392 4173 1460 4234 nolo
