3086 5024
281 451 340 510 174
707 453 862 513 Euvaaovs
885 455 1012 512 Bicera.

324 621 351 701 2)
379 628 465 681 Marc.
493 631 552 684 89⁴2
583 622 625 702 (V,
655 635 682 694 2,
713 623 761 703 bl]
790 617 921 684 'Obsecro
945 637 980 697 te,
1018 617 1188 708 (e)loquere
1212 657 1234 664 -
1258 637 1282 666 υ
1317 625 1367 681 ι’ὼί
1392 629 1442 692 sit,

849 729 898 785 ubi
922 747 982 786 eom
1005 728 1123 784 uideris

278 828 488 906 septenarium
512 827 655 888 mutilum
679 827 795 888 llitschl
819 828 925 889 uerbis
952 847 1080 908 propere
1111 849 1146 888 ee
1171 830 1298 890 insertis
1319 829 1360 888 ita
1385 846 1446 887 sa-

280 947 355 988 nare
378 928 511 990 studuit:

410 1032 537 1092 Obsecro
567 1040 607 1109 te,
642 1026 820 1118 (e)loquere
844 1025 1003 1116 (propere,
1034 1027 1086 1118 eo)
1117 1033 1172 1093 ubi
1202 1035 1256 1111 sit,
1291 1033 1344 1093 ubi
1373 1051 1444 1092 eom

864 1132 1007 1212 uideris,

279 1235 335 1298 sed
364 1245 418 1297 aut
447 1236 649 1298 indicatiuum
678 1237 767 1297 uerbi
802 1256 933 1318 ponere,
970 1247 1025 1299 aut
1051 1256 1179 1318 propere
1208 1257 1275 1298 eom
1302 1237 1444 1299 scribere

282 1338 401 1399 debuit.
443 1340 524 1400 Sane
547 1359 618 1400 cum
641 1339 712 1400 libri
729 1341 961 1402 coniunctiuum
977 1341 1157 1420 praebeant,
1183 1340 1293 1402 lacuna
1314 1343 1355 1401 ita
1378 1359 1444 1420 po-

282 1443 343 1502 tins
367 1442 520 1520 explenda
543 1461 611 1503 esse
635 1441 775 1521 uidetur,
811 1451 846 1503 ut
867 1453 1041 1504 statuamus
1064 1446 1186 1524 longius
1209 1442 1334 1523 aliquod
1356 1443 1444 1504 sub-

281 1546 393 1604 iectum
431 1547 581 1607 enuntiati
619 1543 796 1606 secundarii
840 1547 872 1605 in
913 1546 1068 1607 obiectum
1108 1546 1245 1624 primarii
1278 1546 1444 1607 artificiose

282 1655 434 1708 mutatum
463 1648 632 1724 excidisse,
670 1658 701 1709 et
730 1666 801 1709 cum
831 1668 862 1710 u.
897 1650 958 1707 888
989 1651 1106 1710 amicae
1138 1649 1250 1709 mentio
1267 1648 1356 1710 'lacta
1388 1649 1440 1728 sit,

282 1769 393 1811 uersus
416 1770 443 1812 e.
470 1771 500 1831 g.
526 1753 570 1812 sic
592 1750 720 1811 fortasse
743 1750 926 1814 scribendus
949 1762 1012 1813 est:

409 1846 541 1914 'Obsecro
564 1868 599 1927 te,
633 1847 805 1938 (eloquens
821 1848 983 1940 (amicam),
1011 1855 1061 1914 tbi
1083 1861 1135 1926 sit,
1164 1858 1213 1914 ubi
1237 1877 1297 1916 earn
1317 1857 1440 1915 uideris.

327 1956 353 2039 3}
383 1963 507 2016 Naeuius
542 1955 635 2035 [Ribb.
666 1963 748 2031 Trag.
780 1977 809 2030 p.
844 1967 897 2030 tc,
932 1963 980 2034 63)
1016 1962 1070 2018 Odi
1101 1979 1287 2019 summussos:
1320 1963 1444 2035 preinde

849 2074 942 2138 operte
958 2066 1029 2133 dice,
1057 2065 1127 2135 quid
1150 2066 1197 2133 sit,
1217 2054 1323 2146 (quod)
1347 2069 1441 2121 times.

281 2165 360 2225 Cum
383 2163 615 2240 coniunctium,
649 2173 683 2224 ut
705 2162 846 2240 uidetur,
880 2163 968 2222 aliter
990 2161 1115 2224 delendi
1137 2173 1288 2242 nequeat,
1320 2163 1444 2225 Stude-

282 2263 381 2326 mund
404 2285 430 2325 e.
457 2283 485 2344 g.
512 2267 690 2345 proposuit:

412 2366 472 2428 Odi
491 2384 688 2429 summussos:
711 2349 839 2448 proinde
862 2375 964 2447 operte
979 2366 1046 2428 dice
1063 2363 1137 2453 (id),
1164 2367 1241 2448 quid
1262 2370 1310 2447 sit,
1331 2363 1445 2454 (quod)

446 2451 449 2456 ‚
864 2472 960 2548 lirneS,

282 2575 557 2652 quaeconieetura
580 2574 638 2634 hac
659 2578 839 2654 quoquere
862 2573 1113 2652 commendatur,
1146 2573 1247 2653 quod,
1282 2585 1317 2636 nt
1346 2595 1443 2654 supra

269 2685 313 2755 p.
336 2677 394 2738 tat
405 2695 451 2756 sq.
472 2678 682 2756 exposuimus,
701 2678 796 2757 prisci
811 2685 919 2756 poetae
934 2677 1021 2738 latini
1037 2676 1101 2740 dice
1116 2676 1245 2738 formam
1261 2679 1446 2757 insequente

282 2789 469 2839 consonante
492 2781 522 2839 in
540 2778 691 2840 eiusmodi
708 2781 876 2840 enuntiatis
899 2780 1125 2859 interrogatiuis
1144 2782 1260 2842 uitasse
1282 2781 1441 2843 uidentur.
1484 2785 1490 2796 “

327 2883 353 2962 t)
382 2889 556 2957 Pomponius
579 2887 766 2943 Bononiensis
794 2881 887 2963 (atuh.
915 2889 993 2943 Com.
1021 2903 1051 2957 p.
1080 2893 1151 2957 204,
1182 2883 1272 2964 l09):

409 2991 485 3061 Erpa
507 2993 547 3045 mi
568 2992 719 3057 Dossenne,
746 3007 808 3046 eum
830 2994 916 3047 istme
937 3007 1060 3047 mensore
1081 2993 1238 3058 meministi,
1263 2995 1364 3062 indica,

411 3091 464 3159 Qui
487 3093 558 3148 illud
579 3109 679 3148 eurum
702 3092 861 3149 abstulerit.
882 3086 894 3171 ΙΙ
910 3095 973 3151 Non
997 3094 1082 3149 didici
1103 3094 1240 3151 hariolari
1263 3099 1368 3168 pretiis.

281 3188 362 3249 Libri
384 3188 552 3268 praebent:
580 3193 658 3269 b'rpo
681 3192 714 3250 m'
735 3191 888 3252 dossedne.
929 3185 1156 3253 Coniunctiuus¹
1182 3193 1343 3257 abstulerit
1363 3214 1448 3256 uer-

282 3311 351 3352 sum
376 3302 553 3371 corruptum
577 3311 646 3353 esse
669 3292 794 3354 indicat.
836 3296 974 3355 Fortasse
997 3294 1140 3356 dossedue
1162 3313 1259 3375 praue
1282 3307 1446 3360 exaratum

282 3405 328 3455 est
350 3413 406 3474 pro
432 3398 629 3471 Dossennum,
663 3404 694 3457 et
715 3397 769 3475 qui
791 3395 975 3458 uocabulum
998 3398 1149 3477 significat
1171 3400 1333 3480 quomodo,
1358 3401 1448 3462 unde

283 3499 352 3558 talis
375 3499 525 3559 efficiatur
547 3517 672 3560 uersus:

411 3603 489 3681 Erpa
522 3603 595 3663 milii
628 3602 837 3681 Dossennum,
879 3623 946 3664 cum
983 3605 1075 3666 istaec
1108 3623 1237 3666 memore
1271 3608 1445 3687 meministi,

415 3693 419 3702 ’
866 3705 980 3783 indica,
1320 3723 1322 3730 ’

409 3807 468 3877 Qui
492 3805 566 3866 illud
588 3825 699 3866 curnem
722 3806 896 3869 abstulerit.
915 3806 928 3891 ΙΙ
944 3811 1008 3870 Nou
1031 3809 1124 3870 didici
1144 3810 1298 3873 hariolari
1322 3817 1446 3894 pretiis.
1467 3828 1473 3840 ’

779 4023 783 4032 .
842 3979 875 4058 in

368 4115 479 4178 Contra
502 4114 533 4174 in
556 4116 623 4176 aliis
646 4116 812 4176 enuntiatis
843 4118 1068 4197 interrogatiuis
1098 4121 1293 4181 enuntiatum
1326 4125 1454 4202 prima-

282 4218 362 4278 rium
394 4228 424 4278 et
453 4216 669 4278 secundarium
700 4238 759 4291 non
789 4219 951 4280 artificioso
980 4220 1032 4282 illo
1060 4223 1286 4301 anticipationis
1323 4229 1455 4290 uinculo
