3176 5028
435 433 610 496 PROOElllVll
633 435 776 498 Gulussam
799 433 987 496 Suvbuuvuo.
1250 452 1291 494 vn

122 620 221 682 quam
237 602 497 684 »grammatiscbe
511 604 651 669 studies«
666 605 826 688 inscripsit
838 607 873 688 ¹).
909 603 1044 668 Dccreui
1056 602 1152 686 igitur
1166 603 1290 684 grauis-

123 703 224 769 simas
247 724 288 769 ex
310 705 358 770 eis
380 707 628 788 quaestionibus,
653 727 735 791 quae
756 707 800 772 ad
822 726 886 772 rem
904 707 1064 772 metricam
1085 712 1116 771 et
1129 725 1289 788 gramma-

123 806 222 872 ticam
233 808 407 891 prisoorum
419 809 607 895 scriptorum
619 809 935 876 recteacstimandam
948 808 1151 874 necessariae
1163 815 1286 885 essent,

123 910 237 992 paucis
259 911 471 977 uoluminibus
494 913 737 998 comprehensas
765 918 901 978 tractare
929 920 1001 991 aut,
1030 912 1057 978 si
1086 930 1166 997 opus
1189 917 1283 990 esset,

123 1019 307 1080 retractare.
346 1013 410 1079 Sed
426 1035 496 1080 curn
511 1016 581 1099 ipse
596 1017 684 1082 uarie
699 1022 869 1099 occupatus
892 1023 924 1080 et
945 1015 988 1080 ad
1009 1016 1090 1080 alias
1113 1013 1286 1080 studiorum

122 1122 233 1197 partes
254 1116 417 1182 traductus
445 1119 506 1183 nisi
535 1139 592 1202 per
614 1127 738 1203 tempus
768 1141 788 1186 a
817 1117 952 1204 publicis
981 1115 1116 1200 negotiis
1145 1117 1286 1183 relictum

123 1237 188 1282 non
210 1237 337 1302 possem
360 1219 434 1285 huic
455 1222 555 1286 labori
577 1242 708 1302 uacare,
738 1221 849 1288 amieis
879 1221 1039 1286 nonnullis
1066 1227 1097 1286 et
1126 1219 1286 1284 seminarii

121 1319 307 1404 philologici
329 1331 364 1387 ut
383 1329 480 1388 autea
504 1324 808 1410 Grypbisualdensis
830 1325 876 1388 ita
896 1343 996 1408 nuper
1010 1322 1286 1405 Argentoratensis

120 1421 285 1488 sodalibus
303 1424 453 1490 maiorem
475 1427 591 1492 laboris
612 1435 734 1511 partem
757 1426 885 1505 tradidi,
911 1427 1061 1492 minorem
1085 1426 1160 1491 mihi
1183 1445 1286 1490 reser-

121 1525 209 1589 uaui.
255 1526 295 1591 Hi
323 1527 419 1610 igitur
447 1529 538 1594 initio
566 1530 701 1596 inuitato
730 1550 819 1608 mco,
856 1537 928 1614 post
954 1537 1059 1595 autem
1089 1548 1148 1593 sua
1173 1533 1285 1611 sponte

119 1647 189 1692 rem
219 1631 375 1712 aggressi
391 1638 484 1709 suut;
516 1640 548 1699 et
576 1634 721 1716 quamuis
750 1633 933 1700 exercitatio
955 1640 986 1698 et
1015 1631 1208 1697 consuetudo
1237 1630 1284 1696 eis

120 1887 124 1894 '
193 1889 216 1952 l)
237 1887 280 1942 Eo
297 1889 386 1958 magis
404 1889 553 1944 dolendum
571 1896 615 1944 est
637 1890 713 1959 quod
725 1890 762 1944 A.
778 1891 912 1958 Draegeri
924 1889 1102 1944 »historische
1120 1894 1221 1958 syntax
1234 1889 1284 1942 der

118 1973 303 2028 lateinisches
321 1975 458 2042 spracbe«,
482 1976 561 2030 cuius
579 1976 642 2030 libri
661 1977 685 2030 si
708 1993 763 2030 non
780 1975 977 2044 perfectionem
996 1981 1026 2030 at
1044 1980 1172 2032 conatum
1191 1981 1283 2028 tamea

118 2058 276 2124 laudamus,
296 2061 399 2128 pendet
417 2061 475 2116 fere
493 2077 528 2116 ex
546 2062 650 2116 Holtnii
669 2062 781 2131 syntaxi
804 2063 832 2116 ia
850 2063 943 2132 prisca
961 2062 1100 2116 latinitate
1118 2061 1279 2114 enarranda.

118 2144 182 2209 Quo
206 2146 278 2200 enim
303 2145 423 2202 artificio
439 2163 474 2202 ex
492 2146 696 2216 significatione
715 2148 799 2215 longe
816 2148 851 2202 ab
870 2153 932 2202 ortu
951 2163 1001 2202 suo
1024 2147 1149 2214 digressa
1167 2147 1281 2214 eirrsque

116 2237 259 2300 tamquam
270 2233 420 2288 immemori
432 2234 576 2302 pristinam
585 2235 788 2302 genuinamque
798 2235 931 2302 curiasque
941 2234 1090 2287 locationis
1100 2232 1155 2286 nim
1166 2247 1279 2300 persen-

116 2317 214 2381 tiscas,
228 2318 282 2371 nisi
295 2318 445 2386 primordia
458 2319 570 2388 linguae
582 2320 684 2374 latinae
697 2319 957 2388 uetustissimosque
976 2320 1125 2388 scriptores
1139 2321 1280 2375 adsiduis-

115 2403 187 2457 sime
197 2404 428 2472 pcrlustrauerisi
440 2404 516 2458 Cane
528 2406 622 2474 igitur,
634 2419 669 2459 ne
681 2405 709 2458 in
719 2405 851 2473 Draegcri
864 2406 1021 2475 praeceptis
1034 2407 1205 2474 acquiescas,
1217 2407 1280 2461 ubi-

115 2503 235 2557 cumque
253 2489 289 2544 de
306 2491 399 2557 prisca
416 2491 555 2545 latinitate
572 2492 680 2558 agitur,
700 2491 780 2545 cuius
793 2491 832 2546 rci
850 2507 905 2544 non
917 2491 1047 2559 estquod
1060 2493 1142 2559 longa
1157 2498 1279 2560 repetam

114 2576 259 2644 exempla:
278 2577 356 2632 uelut
373 2576 468 2630 statim
487 2578 515 2630 iu
533 2576 682 2632 uoluminis
693 2576 774 2646 primi
786 2577 890 2647 pagina
903 2579 927 2642 9,
948 2575 995 2631 ubi
1008 2578 1125 2646 pluralia
1136 2579 1280 2632 abstracta

115 2674 133 2712 a
146 2660 290 2730 Draegaro
308 2667 512 2728 enumerantur,
532 2667 642 2731 praeter
654 2678 687 2716 ea
699 2677 771 2730 quac
784 2661 910 2732 Georges
928 2663 964 2728 [in
975 2668 1052 2715 nunt.
1073 2661 1168 2730 plrilol.
1183 2661 1238 2715 llll
1250 2680 1275 2718 a.

117 2746 184 2797 1812
203 2762 267 2815 pag.
288 2748 348 2814 323)
369 2747 488 2811 addidit,
507 2764 543 2803 ex
560 2765 616 2802 uuo
633 2747 733 2801 Plauto
750 2747 819 2801 baec
837 2748 910 2802 adici
928 2752 1071 2816 poterant:
1098 2767 1207 2810 irrisores,
1229 2751 1277 2802 nd·

113 2833 322 2886 centatarnealae
343 2832 437 2899 (Stich.
453 2835 525 2900 (126),
540 2833 664 2887 clausores
685 2833 760 2895 (Aul.
775 2833 803 2885 ll
818 2836 841 2895 1,
856 2837 909 2898 46),
930 2833 1131 2888 madabilr'tatea
1152 2833 1229 2897 (cist.
1250 2835 1276 2888 Π

117 2919 141 2979 1,
163 2919 201 2982 3),
224 2920 359 2973 erua'atas
378 2919 469 2984 (Asin.
491 2921 563 2984 314),
588 2920 720 2973 custodiae
739 2917 826 2986 (Capi.
849 2921 919 2984 254),
945 2920 1075 2972 elecebrae
1103 2921 1181 2986 (lieu.
1203 2923 1273 2984 311),

111 3003 197 3056 caiisa
216 3003 328 3068 (Bacch.
351 3007 436 3070 1093),
448 3005 584 3074 fabricae,
603 3005 732 3075 facetiae,
751 3006 926 3074 falsimoniae
945 3005 1055 3069 (Bacch.
1077 3007 1148 3069 541),
1159 3005 1276 3075 flemina

113 3086 209 3157 (Epic.
224 3090 288 3155 V2,
303 3093 340 3154 5),
357 3096 456 3161 malea,
475 3092 592 3154 bonores
613 3091 729 3159 ineptiae
749 3090 838 3159 (Capi.
853 3092 923 3154 532),
944 3090 1087 3160 injustitiae
1101 3090 1187 3156 (Pers.
1202 3095 1274 3159 411),

110 3175 213 3238 odores,
234 3178 461 3245 11)»)11111111111111111
478 3173 589 3242 (Pseud.
610 3178 664 3240 68),
688 3177 925 3245 perieratiunculaa
948 3174 1042 3239 (Stich.
1064 3178 1134 3241 221),
1155 3179 1276 3245 potiones

112 3259 212 3324 (Stich.
232 3262 304 3327 213),
323 3264 475 3316 sanniones
495 3259 592 3326 (Stich.
608 3263 679 3327 659),
699 3267 849 3315 amentatas
870 3258 964 3325 (Stich.
987 3263 1051 3327 2783
1072 3261 1172 3316 Pseud.
1193 3265 1273 3328 1251,

109 3346 196 3400 Pacu.
212 3345 276 3412 Vl,
291 3350 328 3412 5),
347 3347 464 3416 capitisue,
479 3350 597 3412 1111111111,
618 3348 674 3401 alia
686 3347 814 3402 omnibus
826 3351 906 3412 nota;
927 3352 1025 3400 contra
1037 3347 1201 3401 demendum
1214 3354 1275 3402 erat

108 3448 145 3486 ex
162 3447 278 3487 numero
295 3449 399 3494 corum,
418 3449 490 3502 quae
502 3433 626 3501 Draegor
643 3433 742 3502 priscis
755 3432 862 3494 tribuit,
882 3434 1093 3486 misericordiae:
1113 3449 1176 3486 nam
1189 3435 1270 3488 Most.

108 3522 160 3570 8112
177 3528 251 3573 nunc
263 3524 340 3574 recte
356 3519 536 3573 misericordia
548 3519 650 3573 editur.
681 3519 749 3572 ltem
762 3533 862 3572 aureae
874 3519 961 3574 aetati
980 3518 1104 3586 Draegcr
1122 3517 1192 3572 falso
1205 3518 1273 3576 haec

108 3604 240 3658 Plautina
257 3604 427 3660 uindicauit:
447 3606 539 3670 aninri,
560 3606 712 3660 iracundiae
734 3603 825 3669 i'l'rua.
845 3603 868 3670 l,
891 3605 915 3667 l,
936 3608 971 3669 1),
991 3603 1120 3667 sciaenae,
1142 3605 1269 3670 1111111111,

106 3690 176 3758 quin
194 3692 278 3745 etiam
296 3691 443 3761 posteriori
463 3691 549 3745 aetati
568 3690 636 3745 haee
654 3689 784 3744 Plautina
802 3690 915 3744 tribuit:
935 3689 1066 3742 auctiones
1086 3688 1177 3757 (Epid.
1199 3689 1226 3742 ll
1245 3692 1268 3752 2,

107 3779 156 3840 11,
176 3775 267 3831 strab.
288 3778 359 3842 aas),
378 3776 478 3830 11111111
499 3775 610 3845 (Amph.
634 3776 720 3840 1111),
741 3778 808 3845 saca
825 3773 938 3841 1111111.
959 3777 1018 3826 aaa.
1039 3777 1099 3826 sas.
1120 3777 1188 3839 aaa),
1204 3779 1271 3846 sar-
1316 3765 1318 3769 ‘

105 3865 248 3918 strabones
269 3863 359 3926 (Most.
383 3864 469 3928 1152),
488 3864 587 3916 nitores
606 3860 811 3928 (Ouallai),
830 3861 1010 3930 qnerinwniue
1029 3861 1120 3925 (Mera.
1139 3862 1191 3923 15).
1212 3862 1269 3916 Nee

104 3948 211 4018 mirum·
232 3949 307 4016 quod
333 3947 533 4003 reconditiores
560 3946 652 4002 fontes
678 3962 713 4000 nc
740 3946 811 4000 adiit
837 3946 964 4016 quidem:
993 3946 1071 4000 uelut
1096 3961 1131 4000 ex
1154 3946 1270 4002 Placido

106 4033 206 4097 (class.
231 4039 305 4088 auct.
326 4033 371 4086 ed.
392 4034 447 4086 llai
471 4034 526 4087 uol.
547 4032 596 4096 ΙΙΙ)
623 4031 692 4086 haec
716 4021 954 4100 sumipotcraut:
981 4030 1114 4085 carentiae
1140 4037 1174 4101 (p.
1196 4035 1268 4098 429),

102 4119 252 4172 cantilenae
271 4126 309 4187 (p.
329 4120 401 4182 449),
421 4118 604 4172 cmnesatianes
623 4123 660 4185 (p.
680 4119 751 4182 445),
771 4119 885 4187 offaciac
905 4122 941 4185 (p.
962 4119 1028 4181 lst;
1054 4116 1174 4186 coni-p.
1196 4120 1268 4183 492),

101 4204 300 4274 perduelliones
322 4209 358 4272 (p.
379 4206 438 4268 494)
459 4209 512 4258 ata.
533 4209 586 4259 etc.
