3086 5024
326 423 384 484 tes
747 424 901 484 Eumenes
926 409 1049 483 Breues.

322 597 502 656 inseruient.
540 595 630 656 Velut
650 594 694 654 Pl.
720 595 804 654 Trin.
832 596 910 654 tet:
941 593 1121 655 Posticulum
1151 593 1205 654 bec
1232 595 1360 674 recepit,
1391 613 1466 674 quem

323 699 410 760 aedes
432 695 598 778 mendicet)
625 693 751 775 Nonius,
778 699 833 777 qui
859 717 890 776 p.
918 698 979 756 est
1004 694 1089 756 hunc
1110 713 1238 757 uersum
1262 695 1375 775 tendat,
1399 715 1467 756 cen·

320 803 492 863 iunctiuum
515 799 658 861 uenderet
679 800 850 861 substituit.
901 799 986 860 Idem
1009 795 1099 878 uptt.
1127 798 1151 876 l,
1177 800 1208 876 2,
1234 798 1275 858 35
1304 796 1398 879 (tte),
1421 799 1467 859 ubi

320 904 390 965 libri
413 904 543 965 Plautini
566 903 715 963 exhibent
730 903 918 983 Desipiebam
940 904 1056 980 mentis,
1082 901 1238 982 puemitia
1252 903 1364 981 empta
1378 903 1468 962 mitte-

321 1006 388 1068 bcm
412 1005 474 1084 tibi,
507 1007 737 1068 coniunctiuum
761 1008 907 1067 mitterem
935 1021 1032 1084 praue
1055 1003 1227 1065 substituit.
1261 1002 1331 1065 sut.
1355 1005 1389 1082 ll,
1408 1007 1464 1081 ut

325 1107 409 1190 (tre)
437 1109 636 1190 Praescpibat
658 1112 702 1170 mi
715 1111 835 1170 emimus
849 1109 970 1190 frustra
985 1125 1031 1168 me
1047 1107 1103 1184 ire,
1129 1125 1220 1187 quem
1234 1106 1358 1168 eoeibcm
1380 1107 1466 1178 deme,

320 1212 425 1274 Cicero
447 1211 486 1272 de
509 1211 574 1272 diu.
601 1213 623 1289 1,
650 1213 702 1291 st,
730 1211 769 1271 bb
793 1213 918 1291 scripsit
937 1228 1025 1292 quum
1048 1211 1167 1270 emirem
1190 1209 1287 1270 domo.
1432 1207 1437 1213 ’

367 1315 393 1394 t}
420 1321 562 1374 Peeuutus
590 1314 683 1395 (Ribb.
707 1320 790 1389 Trsg.
817 1337 847 1389 p.
877 1323 926 1386 st,
956 1313 1005 1394 tit)

451 1466 457 1479 .
481 1465 486 1477 .
509 1463 515 1476 .
538 1423 587 1477 .ts
609 1431 767 1478 uestrcrmm
788 1422 855 1476 uter
869 1423 915 1489 sit,
942 1425 989 1477 cmi
1010 1422 1122 1492 sipmbm
1145 1421 1241 1476 datum
1265 1428 1318 1488 est,
1344 1420 1430 1475 cette.

319 1523 350 1580 in
374 1521 430 1581 boc
453 1536 548 1584 uersu
571 1520 737 1582 indicetiuo
766 1521 852 1581 iocus
880 1538 949 1580 esse
971 1518 1111 1595 uidetur,
1146 1519 1251 1598 iteque
1281 1519 1408 1578 fortasse
1433 1519 1470 1576 sie

319 1623 504 1685 scribendus
525 1632 586 1684 est:

446 1726 470 1772 L
484 1740 510 1774 v
525 1758 547 1770 —
564 1740 589 1770 u
605 1725 628 1770 -‘
651 1728 677 1787 is
707 1729 878 1788 uestrorum
914 1727 982 1788 tter
1011 1734 1076 1804 est,
1107 1724 1158 1786 tui
1183 1722 1303 1806 sipmbm
1331 1725 1466 1800 datumst,

447 1832 542 1892 (lette.
1029 1812 1034 1820 ⁸

362 1933 390 2014 2)
418 1939 496 1994 idem
524 1932 618 2014 (tibh.
645 1933 728 2006 Trsg.
746 1951 784 2006 tp.
814 1941 884 2005 tte,
912 1940 983 2010 tet)

446 2042 557 2108 Eeiere,
584 2057 659 2111 quae
682 2057 731 2095 eor
753 2047 833 2095 tuum·
854 2041 989 2095 timiditas
1012 2040 1138 2110 territet;

316 2140 388 2199 iibri
411 2139 563 2218 praebent
584 2147 613 2200 et
633 2138 714 2218 fare.
749 2137 901 2200 Mercerus
917 2139 1054 2216 scripsit:
1081 2135 1202 2215 cesare,
1227 2135 1313 2213 qued
1327 2135 1382 2212 qui
1401 2153 1470 2212 pro-

193 2252 202 2256 ’
317 2242 379 2320 bet,
407 2243 559 2322 corrigere
581 2240 690 2300 debet:

447 2345 563 2422 Eeiare,
590 2363 669 2422 quae
693 2361 746 2404 cor
768 2352 850 2404 tuum
874 2345 1016 2405 timiditas
1039 2343 1172 2417 tersitem
1242 2353 1243 2358 ’

316 2447 371 2509 sed
387 2449 412 2508 si
428 2456 456 2509 et
468 2447 538 2529 sere
552 2445 743 2508 seruandum
758 2463 827 2506 esse
849 2457 942 2525 etque
964 2455 1035 2504 ente
1050 2444 1126 2506 haec
1141 2445 1238 2506 uerba
1261 2444 1392 2504 alterum
1415 2444 1471 2501 im-

316 2552 491 2629 peretiuum
514 2549 664 2610 excidisse
693 2549 905 2626 censebimus,
937 2549 1170 2610 coniunctiuum
1200 2549 1332 2608 retinere
1352 2545 1465 2606 iicebit.

317 2651 403 2715 cont.
431 2653 509 2713 inte
532 2653 549 2736 s
573 2656 602 2731 s,
629 2654 664 2730 tt,
691 2672 718 2731 a,
744 2655 776 2732 s.
1244 2637 1250 2648 ’

361 2754 388 2834 3)
415 2761 518 2815 Sextus
540 2761 686 2830 Turpilius
712 2755 805 2835 (Ribb.
832 2762 911 2816 Com.
938 2776 967 2830 p.
996 2764 1046 2828 tt,
1077 2754 1123 2836 tt)

444 2863 482 2918 Ab
504 2864 587 2919 initio
609 2869 641 2917 ut
663 2881 708 2918 res
730 2862 767 2919 sit
787 2873 876 2934 peste,
902 2864 995 2919 enodi
1017 2863 1096 2918 mibi.

315 2961 464 3039 Debebet,
490 2970 527 3022 ut
547 2959 681 3037 uidetur,
708 2962 818 3023 saitem
840 2980 925 3023 esse:

444 3061 488 3122 Ab
510 3065 596 3124 tuitio
617 3073 653 3124 ut
674 3082 724 3125 res
746 3069 795 3124 est
814 3073 908 3143 peste,
934 3062 1033 3126 enodi
1057 3063 1140 3124 mihi.

313 3166 407 3246 Magis
430 3174 534 3226 temen
557 3167 673 3246 placet:

444 3266 488 3328 Ab
502 3269 593 3331 ,initio
616 3271 660 3330 uti
683 3287 733 3329 res
753 3270 876 3347 pistust,
903 3267 1001 3329 enodi
1025 3268 1109 3346 mihi,

358 3369 408 3433 uel
431 3369 476 3433 Ab
499 3373 581 3434 tuitio
603 3390 654 3433 res
675 3380 711 3432 ut
730 3373 855 3451 pestem,
881 3370 980 3432 enodi
1005 3371 1091 3431 mibi.
1165 3415 1167 3419 t

313 3495 501 3556 quemquem
525 3475 660 3537 dubitari
683 3483 792 3553 potest,
820 3476 954 3552 numnis,
982 3476 1034 3554 qui
1057 3476 1240 3552 intermget,
1269 3481 1305 3533 ut
1328 3472 1468 3531 continue

312 3579 372 3640 sibi
396 3577 643 3660 responderetur,
669 3568 884 3658 postuluberit.
972 3653 974 3658 ³

399 3891 538 3968 Denique
561 3888 645 3966 apud
666 3888 807 3949 Plautum
830 3906 954 3967 quoque
977 3887 1093 3966 etiqtnm
1113 3885 1321 3948 inueniuntur
1348 3901 1465 3959 uersus,

295 3993 343 4060 ,in
366 3992 482 4072 quibus
504 3990 690 4052 indicetiuus
711 4001 829 4053 contra.
845 3991 993 4055 librorum
1021 3991 1234 4052 centenitatem
1264 3987 1470 4050 restituendus

313 4127 515 4140 ..wa

382 4215 406 4281 t)
426 4214 501 4265 Geni.
522 4214 702 4264 Luebbertum
721 4214 776 4264 »die
795 4217 890 4276 syntex
910 4226 961 4263 von
981 4227 1070 4276 qmmm
1088 4227 1112 4277 p.
1133 4216 1206 4263 tbtu
