3176 5028
467 473 672 542 Qvlusrrouns
695 491 848 534 strumas.
1205 475 1245 535 33

169 640 242 702 Cas.
268 641 306 700 lll
335 642 365 718 2,
400 642 435 700 30
470 659 526 719 pro
556 644 617 720 εἰς,
650 661 730 721 quae
759 645 789 702 in
819 642 976 703 codicibus
1002 643 1147 704 omnibus
1175 653 1249 703 sunt

82 739 211 802 tradita:
247 744 325 803 Nom
356 747 408 823 e'po
436 746 552 824 aliquid
579 745 755 806 contratiae
785 746 870 824 enpio
900 745 977 824 litipi
1005 746 1081 804 t'ater
1103 747 1152 804 eo's
1174 745 1249 804 duos

82 843 259 923 Geppertns
283 845 360 905 baeo
381 845 491 906 edidit:

213 967 291 1024 Nom
314 969 366 1046 e'po
389 966 507 1046 aliquid
528 967 704 1028 oontrdllere
727 969 815 1045 cupio
838 968 916 1027 iate't·
937 984 985 1026 eos
1008 965 1115 1045 litiyi
1143 966 1244 1026 duds.

81 1064 213 1127 Videtur
228 1067 304 1127 haee
319 1070 448 1129 mutatio
463 1071 542 1129 laeta
559 1087 627 1129 esse
643 1089 679 1129 eo
695 1069 831 1144 oonsilio,
853 1079 886 1127 ut
904 1070 1073 1127 eniteretur
1089 1065 1242 1145 dactylus,

80 1178 149 1246 post
161 1171 252 1229 euius
261 1171 394 1248 priorem
403 1173 532 1232 breuem
545 1172 695 1250 syllabam
709 1172 850 1231 finiretur
858 1171 1043 1231 uocabulum
1057 1170 1246 1246 multisylla-

79 1271 166 1331 bum.
188 1271 250 1332 Sed
258 1271 434 1350 quodTrin.
445 1275 526 1334 0020
538 1274 685 1352 legimns:
702 1275 873 1335 iateredsne
882 1271 1027 1348 lorttine's3
1044 1274 1126 1332 Trin.
1141 1273 1221 1330 0090
1233 1294 1239 1331 ;

76 1376 204 1452 propter·
220 1375 354 1451 edsdem;
378 1376 437 1436 llil.
457 1377 535 1435 387:
556 1379 679 1456 prdpter
694 1377 840 1452 edndem5
859 1376 917 1435 llil.
940 1377 1012 1434 l8l.
1034 1376 1126 1434 0280.
1148 1375 1240 1435 0288.

78 1476 171 1534 Poen.
198 1478 235 1537 lv
259 1478 289 1554 2,
317 1479 368 1538 58.
401 1478 499 1539 Andr.
528 1479 604 1538 ⁴55:
637 1481 762 1558 prdpter
784 1481 935 1551 carridium,¹
962 1480 1049 1536 llere.
1078 1477 1148 1535 780.
1183 1477 1242 1536 Aa·

79 1580 156 1638 386:
188 1582 258 1640 drtte
269 1583 371 1660 pedes,
391 1590 498 1658 poetas
513 1582 594 1640 illam
612 1581 724 1661 dactyli
739 1581 867 1640 formam
885 1590 949 1638 tum
966 1578 1128 1639 admisisse
1143 1599 1244 1659 appa-

78 1690 133 1758 ret,
163 1681 220 1740 nbi
243 1683 330 1760 prins
353 1684 539 1742 uocabulum
563 1693 645 1741 esset
666 1685 861 1762 praepositio.
898 1685 1003 1760 ltaque
1026 1684 1116 1740 etiam
1140 1691 1243 1742 nostro

79 1802 177 1843 uersu
193 1786 335 1843 intereos
359 1787 475 1844 seruari
495 1796 606 1865 potest.
634 1786 666 1844 ln
683 1787 888 1865 Geppertiano
904 1804 997 1845 uersu
1022 1783 1098 1843 illud
1120 1802 1243 1862 quoque

78 1895 124 1944 est
147 1887 412 1963 molestissimum,
439 1887 523 1965 quod
545 1907 593 1947 eos
615 1899 646 1947 et
668 1889 742 1947 duos
765 1891 879 1946 inserto
903 1888 979 1965 litiqi
994 1886 1146 1945 uooabnlo
1161 1886 1242 1946 diri—

77 1998 219 2047 muntur.
251 2023 286 2030 -

165 2107 254 2186 Epid.
283 2109 319 2166 lll
343 2111 373 2184 3,
401 2109 419 2167 7
443 2127 513 2187 sqq.
539 2110 623 2186 apud
647 2111 835 2189 Geppertum
859 2112 903 2168 sie
926 2111 1083 2169 constituti
1106 2120 1196 2168 sunt:

212 2212 261 2270 Vel
282 2213 334 2290 e'po
356 2213 412 2290 qui
433 2211 546 2270 dudaom
569 2211 620 2289 sto·
640 2231 735 2271 causo
758 2214 913 2290 eoe'pernm

208 2315 256 2372 Me
278 2313 462 2373 eaecluciore
485 2316 589 2388 otiati,
616 2316 706 2394 qodsi
727 2314 801 2392 quid
820 2311 936 2393 sititis
960 2313 1060 2374 meus

211 2415 279 2475 Med
300 2418 374 2495 e'rpa
397 2416 585 2495 deliquisset:
611 2418 701 2495 quasi
720 2435 779 2474 noa
800 2414 933 2494 plririmo

209 2517 374 2596 Malesdcta
397 2538 465 2578 meo
487 2527 582 2579 essent
603 2519 700 2578 sdlido
723 2521 752 2578 in
776 2515 993 2576 odolescentia.

78 2637 157 2695 Libri
181 2637 344 2697 exhibent:
376 2642 496 2718 Eponae
512 2639 695 2698 e'oecrueidre
718 2639 814 2696 liuilni
827 2639 918 2716 qttdsi
932 2637 1005 2716 quid
1020 2635 1109 2716 filliis
1129 2634 1133 2718 Ι
1156 2639 1239 2696 Meus

77 2738 251 2818 deliquisset
267 2741 333 2799 med
348 2761 432 2820 erpo,
460 2750 513 2802 out
528 2743 617 2822 quasi
630 2761 688 2800 noa
710 2741 888 2820 plurimum.
926 2737 1027 2816 Atque
1050 2749 1085 2798 ut
1100 2758 1191 2798 casus
1208 2740 1237 2797 in

79 2841 97 2898 d
118 2841 316 2920 desinentes=
350 2842 402 2901 ubi
425 2862 487 2901 non
510 2844 636 2902 suntin
659 2842 827 2916 codicibus
854 2842 1021 2919 repetimus
1043 2841 1083 2900 ad
1106 2851 1237 2900 metrum

77 2943 339 3022 constituendum,
367 2945 406 3003 ita
430 2945 470 3004 ob
493 2945 621 3004 eandem
638 2963 762 3004 causam
779 2945 886 3020 etiam,
912 2943 965 3002 nbi
989 2944 1116 3002 suntin
1140 2943 1234 3020 libris,

78 3065 129 3105 eos
153 3045 259 3105 licebit
281 3048 410 3106 auferre.
445 3047 510 3104 Erit
532 3047 624 3124 igitur
648 3064 757 3106 uersus
780 3048 888 3105 tertius
911 3064 980 3105 eum
998 3045 1238 3122 Vmplenbaebio

82 3150 156 3226 (Mel.
184 3149 227 3206 Pl.
253 3166 283 3225 p.
312 3150 361 3228 tt)
390 3150 431 3208 ita
454 3129 692 3208 describendus:
722 3151 806 3208 Mens
828 3149 1001 3228 deliquisset
1023 3167 1069 3207 me
1092 3150 1164 3227 e'rpo
1185 3157 1238 3206 rint

78 3253 167 3328 qitosi
193 3269 254 3309 oon
280 3250 444 3330 pldrumu;
476 3251 534 3309 nisi
564 3251 641 3310 lorte
671 3250 909 3328 praeferendum
932 3260 995 3326 est,
1029 3250 1112 3327 quod
1141 3251 1239 3310 suasit

80 3351 263 3412 Ritscbelins
290 3353 336 3433 (N.
363 3353 405 3410 Pl.
426 3353 499 3411 Ere.
519 3354 530 3410 l
554 3372 583 3430 p.
604 3352 672 3432 27);
703 3355 785 3412 Meus
808 3352 982 3431 deliquisset
1005 3351 1155 3430 radderpo,
1183 3360 1237 3410 orit

77 3473 134 3514 oon
147 3454 303 3534 pldrumo,
322 3473 512 3533 quamquam
527 3465 653 3532 propter
667 3456 766 3534 ipsam
788 3456 971 3514 sententiam
995 3473 1065 3513 oum
1085 3455 1237 3531 Gepperto

78 3558 180 3616 malim
204 3557 315 3616 abesse
338 3565 400 3616 ont.
427 3592 468 3600 —

162 3676 258 3737 Stich.
286 3677 347 3736 059
371 3695 497 3736 uersum
521 3678 719 3752 lacunosum,
750 3678 803 3754 qui
833 3687 880 3736 est
902 3677 931 3734 in
963 3674 1062 3732 libris:
1102 3673 1235 3750 Auspicio

79 3778 160 3838 bodie
183 3787 301 3858 optumo
324 3781 413 3838 eoeiui
432 3780 517 3858 foros
539 3777 636 3840 edidit
657 3778 852 3838 Ritscbelius:

205 3898 345 3979 Auspicio
369 3892 501 3982 (hercle)
524 3899 609 3958 bodie
631 3891 717 3981 (eqo)
740 3899 857 3976 dptumo
880 3898 963 3957 e'oeii
986 3896 1105 3971 fords.

81 4016 140 4078 Sed
155 4036 226 4078 cnm
242 4019 362 4096 plenior
377 4018 426 4078 illa
443 4016 569 4096 perlecti
585 4017 681 4078 forma
704 4017 778 4077 alibi
800 4033 923 4094 quoque
938 4015 1129 4075 inueniatur:
1151 4015 1235 4072 o'uero

80 4121 164 4199 Capt.
186 4123 257 4181 090.
285 4123 377 4181 Trnc.
403 4121 427 4178 ll
451 4122 480 4198 6,
508 4122 566 4195 66;
594 4122 684 4180 luisse
705 4121 789 4179 Most.
811 4119 883 4195 802,
902 4128 1036 4194 nonest,
1062 4134 1117 4175 eur
1132 4124 1235 4174 nostro

82 4241 171 4283 uersu
192 4226 283 4285 emiui
304 4221 528 4284 sollicitandum
551 4230 724 4282 statuamus
762 4255 802 4264 ——

131 4339 279 4391 studentum,
294 4339 387 4379 Studien
400 4341 418 4378 1.
1065 4342 1078 4385 3
