3176 5028
477 413 679 483 ersrrones
703 433 855 474 uerrucis.
1208 419 1244 476 41

98 579 296 660 Acropolistis
323 583 468 644 librarius
491 583 619 662 quidem
635 583 759 645 fabulae
774 596 990 665 argumentum
1007 595 1122 648 attente
1138 607 1250 666 perse-

98 703 186 760 quens
213 683 467 765 Acropolistidem
496 685 622 748 uidetur
641 690 906 767 superscripsisse,
933 707 994 767 quo
1016 690 1115 751 uerbo
1136 693 1251 769 genui-

98 805 161 846 num
194 806 308 848 nomen
338 788 546 850 oblitteratum
580 799 636 851 est.
676 792 814 852 Duorum
843 793 935 871 igitur
956 793 1077 853 illorum
1101 812 1251 855 uersuum

98 890 175 950 lectio
199 910 274 952 uera
298 892 373 952 hooc
395 901 455 952 est:

220 995 280 1055 Fde
303 994 433 1072 uideam,
460 997 584 1075 simeo,
611 998 639 1058 si
659 997 751 1058 sul-uu
773 999 839 1059 me'a
861 998 911 1059 sit.
952 999 1013 1057 Eho
1037 999 1133 1074 isb'rre,
1168 999 1251 1058 Cdo-

507 1099 607 1174 thura,

220 1197 292 1258 bibe
317 1199 484 1260 Telestidem
510 1199 565 1261 brie
584 1201 710 1282 prodire
733 1201 836 1279 filium
858 1212 928 1265 onte
951 1205 1034 1264 cedis
1056 1221 1162 1264 meum.
1193 1239 1228 1247 --

174 1300 286 1362 Pseud.
314 1303 375 1361 864
399 1302 488 1364 codd.
516 1305 588 1365 BCD
612 1304 774 1365 exhibent:

221 1405 257 1464 Si
279 1407 481 1484 conquinisce!
503 1408 567 1468 istic
590 1408 845 1488 conquiniscito
867 1409 993 1468 simul.

98 1505 178 1576 Quod
203 1525 273 1566 eum
297 1508 395 1568 iustos
419 1511 532 1570 senarii
556 1510 669 1570 limites
692 1509 837 1587 excedet,
871 1528 932 1569 non
963 1513 1028 1573 istic
1051 1510 1145 1572 debet
1174 1511 1249 1589 tolli,

98 1608 147 1668 sed
167 1628 238 1669 cunr
262 1608 287 1669 Α
310 1611 413 1689 potius
436 1613 542 1688 simul,
569 1614 609 1673 itu
634 1632 724 1690 sanc,
757 1621 875 1673 utnon
905 1623 976 1672 ente
999 1613 1066 1674 istic
1088 1633 1158 1674 cum
1183 1615 1254 1673 Rit-
1316 1591 1326 1604 ⁶

98 1711 215 1788 schelio,
236 1711 291 1773 sed
306 1723 377 1792 post
392 1715 458 1776 istic
474 1725 607 1793 ponetur
623 1735 755 1776 comme:
773 1715 811 1776 ci.
827 1733 858 1776 u.
874 1717 946 1776 863:
968 1717 996 1776 si
1010 1717 1062 1777 iste
1079 1717 1141 1794 itu,
1158 1718 1252 1778 ito.-

177 1814 271 1874 Stieh.
299 1813 360 1875 742
384 1818 414 1876 in
439 1817 570 1878 codibus
593 1819 737 1879 omnibus
761 1819 801 1878 ita
825 1816 973 1878 traditur:

222 1919 334 1978 Morem
363 1920 447 1980 uubr‘s
474 1933 591 2000 perum,
621 1940 703 1980 nierre
730 1920 875 1982 deliciae:
910 1940 980 1980 nem
1009 1924 1054 1982 ita
1081 1940 1126 1982 mc
1159 1922 1254 1981 Ve'uus

508 2025 664 2083 ‹rnrodua
687 2025 796 2084 umet.

100 2124 242 2184 Numeros
270 2125 428 2184 constituit
451 2125 635 2186 Ritschelius
666 2127 724 2203 itu,
758 2135 793 2186 ut
822 2145 877 2205 pro
908 2144 1018 2186 morem
1043 2124 1126 2184 uobis
1148 2142 1254 2205 perum

100 2227 242 2288 scriberet
257 2227 483 2309 moriperabor‚·
505 2228 586 2307 quod
604 2247 793 2308 quamquam
810 2237 890 2289 recte
906 2237 1057 2288 mutatum
1075 2246 1144 2288 esse
1159 2227 1254 2286 uide-

101 2339 154 2408 tur,
181 2341 284 2390 tamen
301 2333 349 2391 uir
364 2330 562 2390 doctissimus
578 2351 638 2391 non
655 2331 738 2391 uobis
761 2350 884 2411 quoquo
907 2332 1004 2390 eicere
1027 2330 1173 2408 debebat,
1200 2328 1256 2390 sed

101 2435 197 2512 potius
220 2453 355 2512 orroeon,
383 2444 417 2494 ut
438 2453 565 2494 uersum
590 2436 629 2494 ite
655 2435 758 2495 malim
782 2435 982 2494 constituere:

224 2535 434 2617 Mdripcrubor
456 2537 549 2610 nous,
577 2557 659 2597 necue
675 2538 821 2598 deliciae:
845 2557 915 2598 num
933 2538 975 2597 itu
991 2557 1036 2596 me
1056 2539 1148 2598 Ve'nus
1165 2545 1253 2596 umet.

183 2641 263 2699 Trio.
295 2640 354 2698 449
378 2641 552 2718 Geppertus
576 2641 652 2700 haec
674 2640 806 2718 scripsit:

227 2745 322 2817 Quom
345 2742 413 2801 binc
437 2746 479 2802 e'st
497 2744 651 2823 profectus
673 2745 798 2822 pduyre
823 2742 1051 2814 Circirmide's,
1078 2742 1170 2802 mitt

228 2842 433 2905 Tbeusudrrcm
456 2846 486 2904 in
509 2845 589 2906 bisce
613 2847 830 2906 demonstrauit
852 2843 988 2904 nedibus.

104 2947 159 3008 Sed
189 2947 271 3026 quod
301 2948 371 3006 libri
401 2947 567 3025 praebent:
598 2948 746 3020 Quoniam
781 2945 845 3026 (Qui
868 2946 899 3025 B)
935 2946 1003 3006 iu'nc
1033 2954 1075 3006 csl
1101 2945 1257 3025 profectus

101 3070 220 3130 perepre
245 3049 422 3110 Charmides
438 3047 451 3131 ΙΙ
469 3051 674 3110 Thensuurum
690 3050 908 3110 demorzstruuit
921 3049 997 3109 miti
1019 3051 1049 3108 in
1072 3049 1151 3110 bisce
1168 3048 1258 3108 oedi-

104 3152 165 3226 bus,
192 3152 380 3231 Scaligerum
396 3171 451 3230 pro
464 3151 619 3232 profectus
636 3153 835 3213 conicientem
850 3149 1044 3231 profecturus
1064 3150 1110 3231 (cf.
1131 3168 1161 3210 u.
1185 3150 1253 3231 444)

103 3254 165 3314 iure
189 3265 311 3316 secutus
336 3255 521 3315 Ritscbeiius
544 3274 644 3334 nuper
667 3256 721 3316 bos
745 3273 856 3315 uersus
880 3255 920 3314 ite
944 3253 1056 3315 edidit:

227 3361 374 3433 Quom'um
399 3358 467 3417 hinc
490 3365 533 3418 cst
553 3357 747 3437 profecturus
768 3376 894 3437 perepre
919 3355 1104 3432 dermr'dm,

230 3459 436 3521 Tbemedrum
460 3462 678 3522 deruonstrduit
699 3461 773 3520 mihi
795 3462 825 3519 iu
849 3460 928 3520 bisce
952 3458 1086 3520 oedibus.
1117 3494 1152 3502 --

187 3563 242 3623 luit.
269 3564 309 3642 gl.
337 3565 399 3623 308
424 3564 561 3643 Lipsium
585 3572 710 3623 secutus
733 3563 893 3622 Lorentins
916 3560 1026 3621 edidit:

228 3665 303 3726 Dum
335 3687 387 3746 epo
418 3668 447 3726 in
478 3668 582 3747 teyub's
612 3685 689 3738 stim,
717 3665 772 3725 illu
799 3683 842 3724 erc
870 3682 923 3722 suo
950 3682 981 3722 se
1005 3662 1128 3742 hospitio
1156 3663 1225 3724 ded
1233 3666 1244 3723 t
1252 3672 1262 3724 t

209 3809 211 3813 ι
516 3766 642 3847 fords.

190 3871 332 3950 Rergkius
360 3871 562 3952 [diurn.‚aut.
591 3872 671 3930 4834
696 3889 726 3948 p.
757 3867 848 3948 4006)
875 3869 1017 3928 coniecit:

229 3973 305 4034 Dum
329 3994 382 4054 epo
398 3978 428 4036 tu
445 3976 551 4056 tequb's
574 3993 651 4050 sum,
678 3973 767 4032 illaec
790 3991 820 4032 sc
842 3972 966 4050 bospitio
990 3972 1093 4032 e'dr'di
1101 3978 1112 4030 t
1138 3971 1257 4050 fords,

106 4072 186 4150 quod
208 4087 330 4157 propter
347 4095 493 4138 numeros
516 4094 668 4156 respuens
684 4075 869 4134 Ritscbelius
884 4093 954 4133 eum
971 4074 1120 4134 Lambino
1142 4072 1253 4134 edidit:

233 4179 305 4239 Dum
322 4199 374 4260 epo
391 4182 422 4240 in
439 4181 548 4261 tepetis
564 4199 641 4255 sum,
662 4179 716 4238 illu
732 4197 774 4236 em
789 4195 842 4236 suo
857 4193 888 4236 se
904 4177 1028 4255 bespr'tio
1044 4175 1153 4237 eduoeit
1163 4175 1257 4256 forus.
