3086 5024
294 393 353 457 toa
717 393 873 455 Envcnurs
896 393 1021 452 Brorsn.

292 562 447 644 quadrare
470 573 608 644 apparet.
650 561 766 624 Deinde
788 562 913 624 Plautus
937 562 1121 640 aliquotiens
1148 580 1204 642 pro
1235 559 1310 642 quid
1331 567 1443 622 actumst

293 666 400 729 uerbis
424 667 498 748 quid
517 667 550 745 fil
573 666 723 728 locutione
747 667 853 744 utitur,
884 665 983 726 ueluti
1006 662 1117 745 Amph.
1147 665 1246 724 llltl:
1282 662 1377 738 Quid
1401 661 1443 742 sit

292 769 415 847 deinde,
440 788 532 850 porro
556 769 693 849 loquum
721 769 790 832 Cas.
810 770 845 849 V,
866 770 896 846 2,
915 768 973 829 35:
1010 770 1084 844 Qui
1091 768 1111 829 d
1132 766 1167 848 fi
1174 775 1184 828 t
1205 767 1347 847 ducique,
1371 766 1442 827 edis-

292 880 392 949 scrto;
423 869 536 951 Amph.
571 871 668 931 ⁴098:
705 872 810 947 Quid
836 871 891 951 fit
918 871 1034 934 deinde.
1077 873 1219 934 Fortasse
1248 869 1307 932 boc
1334 887 1443 948 quoque
1498 871 1502 880 '

294 975 360 1038 loco
380 975 414 1053 fit
428 993 484 1054 pro
499 975 537 1038 sit
559 972 760 1038 scribendum
783 983 841 1053 est,
869 994 941 1036 nam
957 976 995 1036 sil
1010 983 1042 1036 et
1060 977 1094 1055 fit
1109 972 1257 1038 uocabula
1282 972 1398 1052 saepius
1417 973 1444 1032 in

204 1081 209 1102 ¹
295 1078 382 1139 libris
406 1077 622 1156 manuscriptis
652 1076 799 1140 conlundi
828 1078 980 1158 exemplis
1009 1077 1192 1140 confirmare
1214 1093 1292 1156 opus
1315 1093 1373 1138 non
1392 1083 1442 1136 cst.

297 1183 402 1260 ltaque
426 1182 453 1244 si
467 1180 668 1245 statuerimus
691 1188 824 1244 actutum
847 1179 897 1244 uel
920 1188 1020 1244 acirim
1042 1199 1098 1261 pro
1114 1179 1250 1262 cpcdtcm,
1276 1176 1361 1260 quod
1381 1196 1447 1239 sae-

296 1286 366 1366 pius
395 1285 436 1346 ita
468 1284 599 1348 occurrit
633 1282 720 1364 (conl.
746 1281 859 1364 Amph.
889 1285 980 1346 lost:
1013 1281 1179 1366 dpcdum
1206 1282 1336 1364 emporii,
1368 1281 1443 1342 Trin.

299 1389 372 1447 369:
398 1383 422 1448 Α
430 1387 568 1468 pedum
586 1387 734 1468 eloquere,
760 1387 834 1450 alibi
857 1396 889 1450 et
910 1388 1050 1466 inprimis
1064 1387 1155 1450 llorc.
1174 1386 1246 1446 llll:
1275 1383 1351 1446 Cedo
1373 1391 1448 1445 mom

296 1488 371 1550 mr'li
391 1488 569 1568 ducturum,
596 1489 771 1570 opedam,
797 1487 959 1570 Acanthio,
992 1489 1048 1552 ubi
1078 1489 1209 1552 altarum
1240 1488 1470 1568 imperatiuurn·

297 1591 524 1674 subsequitur),
557 1610 655 1674 praua
682 1601 842 1656 exaratum
871 1611 949 1672 esse,
983 1610 1095 1657 uersus
1124 1591 1253 1654 lortasso
1274 1592 1315 1652 ita
1339 1589 1450 1650 restitui

295 1697 420 1776 poterit:

881 1919 995 1980 liccem.

427 1818 565 1896 lcqnere
585 1834 687 1895 porro,
714 1814 790 1896 qud
812 1815 855 1894 lit,
883 1815 1020 1896 ochum.
1039 1812 1052 1898 ΙΙ
1071 1817 1229 1897 Postquam
1251 1811 1454 1895 ospeaeitmti-
1533 1829 1534 1858 2

344 2039 371 2119 ²)
400 2044 468 2099 (list.
495 2043 555 2111 1111,
584 2050 612 2112 2,
642 2049 680 2101 69
705 2042 775 2100 Siue
796 2043 881 2100 dicat.
898 2036 912 2122 ΙΙ
928 2041 963 2098 Si
985 2043 1061 2100 discit
1082 2033 1236 2121 quidumll
1252 2045 1317 2116 Ape,
1341 2041 1455 2114 loquere
1534 2127 1535 2136 ἵ

766 2155 769 2160 ’
882 2154 922 2212 tu,
949 2146 1019 2219 quid
1041 2146 1081 2202 ibi
1103 2142 1229 2202 infuerit.
1353 2180 1366 2224 Ι

299 2261 387 2322 llunc
409 2277 536 2321 uersum
558 2277 621 2320 non
643 2261 742 2322 solum
765 2261 823 2339 legi
848 2279 864 2321 a
887 2260 977 2322 nobis
998 2262 1171 2341 propositae
1194 2258 1338 2340 refragari
1349 2246 1366 2337 ,“
1379 2279 1455 2321 cum

298 2364 528 2424 coniunctiuum
550 2361 713 2443 praebeat,
740 2361 795 2424 sed
817 2373 853 2424 ut
868 2381 952 2425 nunc
966 2364 1077 2442 legitur
1091 2373 1271 2444 corruptum
1286 2381 1354 2423 esse
1369 2338 1458 2425 eiiam

298 2485 339 2526 ex
361 2464 605 2527 claudicantibus
634 2468 773 2529 numeris
803 2469 878 2528 satis
908 2467 1017 2528 elucet.
1059 2467 1125 2529 Non
1147 2465 1270 2544 dubito,
1304 2466 1380 2545 quin
1410 2467 1459 2526 iu·-

298 2567 393 2644 sucrit
407 2570 622 2632 coniunctiuus
637 2589 677 2631 er
689 2570 750 2631 fine
763 2587 883 2648 uersuS,
899 2571 953 2648 qui
965 2568 1134 2648 praecedit:
1156 2571 1280 2648 Mirum,
1296 2569 1367 2651 quio
1382 2588 1460 2650 preco

301 2673 457 2733 uenalium
472 2673 504 2734 io
518 2674 636 2736 cistella
651 2673 778 2752 insuerit
792 2691 856 2733 uua
871 2674 901 2732 in
917 2673 1002 2734 bunc
1017 2691 1143 2735 uersum
1160 2673 1328 2753 irrepserit.
1357 2673 1462 2751 ltaque

302 2784 333 2834 ct
354 2775 492 2836 numeris
515 2785 547 2836 et
568 2793 709 2837 sermone
731 2775 871 2838 Plautino
893 2776 1031 2856 cogimur
1051 2794 1177 2838 uersum
1202 2777 1242 2837 ita
1266 2773 1414 2836 scribere:

430 2895 501 2956 Sioc
524 2895 616 2960 dicat.
635 2891 702 2980 1181
722 2894 805 2957 dicdt
826 2893 955 2975 quidum.
976 2891 989 2978 ΙΙ
1005 2893 1065 2978 Ape
1094 2896 1221 2978 loquere
1251 2893 1299 2970 u,
1324 2893 1401 2975 quid
1423 2893 1464 2955 ibi

883 3003 991 3060 inerat.

346 3119 373 3199 a)
401 3124 467 3180 rer.
493 3121 620 3194 tcerpu.
637 3126 697 3181 aar
719 3115 777 3200 (111,
798 3127 827 3191 2,
849 3117 898 3198 st)

431 3227 460 3285 S.
486 3227 618 3282 Animam
633 3228 736 3302 rccipc.
761 3226 797 3282 G.
818 3227 935 3289 Prorsus
958 3226 988 3284 S.
1009 3225 1085 3293 ootc
1098 3228 1170 3284 istuc
1192 3226 1335 3300 ,prorsus‘
1352 3226 1464 3298 erqost?

883 3329 918 3386 G.
938 3332 1092 3406 periimus:

430 3432 564 3490 Actumst.
605 3432 635 3488 S.
653 3433 808 3506 Eloquere,
836 3432 950 3490 obsecro
975 3441 1009 3500 tc,
1029 3433 1099 3504 quid
1113 3434 1160 3488 sit.
1200 3432 1237 3488 G.
1255 3434 1317 3488 lom
1339 3432 1368 3488 S.
1390 3431 1468 3498 Quid

885 3536 979 3603 ,icm‘‚
1007 3535 1092 3592 Geta?

303 3651 402 3711 lluius
437 3669 560 3730 quoque
596 3669 707 3714 uersus
738 3651 901 3730 scriptura,
942 3650 1062 3712 etiamsi
1092 3668 1108 3712 a
1139 3667 1236 3729 prauo
1269 3650 1469 3712 coniunctiuo

302 3755 476 3833 recesseris,
503 3763 605 3816 tamen
629 3757 712 3815 omni
728 3753 921 3816 dubitatione
936 3753 1022 3815 nullo
1039 3752 1128 3815 modo
1143 3761 1285 3832 exempta
1309 3761 1371 3815 est:
1393 3772 1469 3813 uam

301 3853 380 3917 ΑΒΕ
407 3856 560 3935 praebent
590 3857 1147 3934 ELOQUEREERGOOBSEGROTE.
1195 3854 1257 3917 Sed
1287 3855 1364 3919 illud
1396 3877 1470 3938 erqo

302 3957 390 4019 lacile
413 3961 480 4021 siue
503 3979 542 4020 ex
564 3960 768 4040 praecedente
791 3961 859 4024 siue
888 3981 928 4022 ex
957 3959 1168 4039 subsequente
1187 3955 1301 4021 'uersu'
1322 3961 1353 4021 in
1384 3959 1471 4021 huno

303 4079 430 4123 uersum
455 4063 588 4143 irrepere
610 4073 744 4144 poterat;
771 4065 796 4125 si
820 4082 894 4125 uero
917 4083 987 4146 erqo
1010 4081 1135 4125 seruare
1157 4062 1362 4141 uoluerimus,
1385 4064 1471 4123 scri-

301 4162 415 4225 bamus
439 4175 570 4245 oportet:
