3086 5024
293 377 338 440 m
362 377 489 443 Srumxr
513 378 790 445 14444444144411441
813 379 1015 456 Oenomaus.
1176 381 1233 448 tlt

79 556 114 609 Pl.
132 553 237 625 dmph.
257 560 319 612 944
342 552 517 636 (111‚2,33)
548 561 645 615 Verum
667 563 843 630 periclitatus
865 579 929 618 sum
952 565 1080 620 4144414144
1102 573 1191 632 mom,

540 661 615 730 Quid
638 663 748 719 iaceres
770 671 800 719 et
822 681 880 734 quo
903 671 987 735 pacto
1005 666 1036 720 td
1054 668 1129 740 serre
1151 667 1239 722 indu-

643 781 736 822 ceres.

77 863 138 916 Ter.
154 864 273 919 Phorm.
287 868 343 920 stt
361 859 405 941 (11,
423 870 449 934 4,
471 862 519 942 tt]
542 867 634 934 Quom
657 867 691 924 ot
713 885 771 925 rem
794 872 893 940 omnis,
927 885 1013 942 quom
1035 869 1173 924 4444141444
1194 886 1239 925 ree

644 981 710 1028 44144
731 989 874 1040 4444441444,

540 1075 669 1130 Meditari
689 1092 782 1131 seeum
798 1083 915 1148 oportet,
941 1089 1001 1145 quo
1023 1081 1107 1144 pacto
1130 1077 1238 1132 aduor-

644 1195 708 1233 som
730 1195 894 1236 4444114144114
916 1178 1018 1233 terant.
1033 1174 1053 1248 ¹)

457 1715 604 1798 sarit
631 1715 858 1800 atthava.

115 2100 117 2104 ⁵
156 2115 427 2194 Interrogationes‚
453 2114 493 2177 de
508 2114 624 2193 quihus
639 2116 737 2194 capite
751 2115 851 2192 primo
874 2116 1004 2195 egimus,
1030 2133 1137 2177 omnes
1159 2135 1237 2194 pro-

74 2227 175 2298 pterea
193 2220 553 2298 »interrogationes
569 2219 764 2298 proprias«
779 2218 983 2299 appellamus,
1003 2217 1086 2297 quod
1102 2219 1239 2297 pendent

74 2341 110 2382 ex
127 2320 284 2384 eiusmodi
305 2323 471 2382 enuntiatis
486 2322 649 2400 primariis²
669 2320 786 2400 quibus
801 2320 954 2382 indioetur
969 2321 1000 2382 id
1017 2325 1135 2403 quaeri,
1155 2323 1238 2402 quod

51 2461 55 2476 ι
75 2427 232 2488 4114444444
256 2423 438 2486 secundario
461 2425 656 2505 exprimitur.
697 2426 785 2485 Nunc
808 2433 1001 2486 transeamus
1024 2425 1063 2486 ad
1086 2426 1118 2487 id
1140 2445 1238 2505 genus

74 2529 349 2608 interrogationum
365 2527 572 2607 obliquarum‚
589 2547 668 2606 quae
683 2545 716 2587 re
732 2545 805 2588 uera
823 2537 897 2589 sunt
912 2529 1069 2588 enuntiata
1086 2529 1236 2591 obiectiua

75 2632 348 2710 interrogationum
379 2631 507 2692 iormam
537 2630 663 2709 induta,
700 2632 817 2711 quippe
846 2649 926 2710 quae
956 2649 1017 2690 non
1048 2651 1084 2691 eo
1113 2633 1238 2692 consilio

142 2891 166 2952 t)
183 2889 329 2952 Postquam
343 2888 423 2938 huius
435 2889 631 2940 dissertationis
640 2893 721 2956 caput
734 2890 850 2954 primum
865 2889 936 2954 typis
949 2889 1001 2938 iam
1016 2901 1171 2954 expressum
1186 2892 1235 2951 est,

75 2976 153 3025 uideo
166 2975 195 3024 T.
213 2974 369 3023 Hewittium
384 2975 439 3038 lley
459 2977 484 3024 in
498 2979 638 3037 grammat.
654 2976 698 3025 lat.
718 2975 848 3037 (londinii
863 2977 938 3037 4866)
955 2973 967 3038 4
982 2979 1047 3024 4448
1058 2979 1143 3040 ptis
1156 2977 1237 3026 simili

75 3061 152 3110 modo
172 3061 252 3110 illum
264 3057 403 3108 indicatiui
422 3072 509 3119 usum,
531 3060 564 3110 de
584 3075 637 3125 quo
657 3073 706 3125 pag
722 3065 778 3110 444.
795 3075 852 3126 sqq.
874 3062 1058 3126 exposuimus,
1078 3061 1237 3126 explicasse.

75 3148 141 3197 Dicit
159 3148 234 3197 enim
256 3145 299 3194 4144
316 3146 412 3194 doctus
430 3145 448 3195 l.
468 3145 496 3194 l.:
517 3146 566 3195 41441
587 3147 776 3209 interrogative
799 3147 891 3197 clause
915 3147 1071 3197 sometimes
1095 3161 1239 3212 accompa-

76 3235 131 3282 nies
149 3234 197 3284 the
217 3231 316 3296 phrase
335 3233 397 3293 quid
416 3234 469 3294 ota,
495 3245 527 3280 or
546 3232 590 3281 the
609 3233 783 3298 imperatives
807 3234 862 3293 dte,
882 3234 955 3293 ordo,
981 3247 1012 3284 or
1029 3233 1074 3283 the
1094 3235 1238 3284 indicative

74 3332 176 3381 quaeso,
199 3318 249 3368 but
267 3317 382 3367 without
399 3317 479 3379 being
497 3317 651 3382 dependent
670 3331 703 3366 on
725 3318 812 3367 them:
834 3331 872 3378 as,

145 3406 213 3466 Quid
231 3407 278 3466 444,
299 3403 342 3456 ubi
360 3403 525 3454 intellectores
542 3405 570 3454 ld
593 3405 726 3454 4441444441
749 3416 854 3466 capere,
882 3417 930 3453 cur
952 3418 1002 3470 ooo
1026 3405 1090 3455 444444
1113 3407 1239 3468 extemplo

74 3492 229 3556 Pamphilo?
256 3491 322 3549 (Ter.
343 3488 409 3538 hnd.
431 3490 474 3548 444,
495 3493 519 3547 4,
542 3493 583 3553 34)
607 3491 642 3552 (et
665 3489 733 3539 inira
756 3491 877 3538 adnotat:
904 3490 972 3538 »The
996 3490 1093 3555 phrase
1117 3493 1179 3554 quid
1200 3493 1240 3540 ais

76 3578 96 3625 is
114 3577 171 3627 also
190 3575 259 3626 used
280 3576 305 3623 in
325 3576 481 3640 expressing
500 3576 618 3639 surprise
637 3579 664 3625 at
682 3575 834 3636 something
853 3574 951 3624 heard:
973 3589 1011 3635 as,
1027 3560 1119 3624 ‘What
1131 3575 1165 3625 do
1184 3589 1238 3640 you

75 3663 141 3726 say?
160 3660 255 3724 surely
274 3659 283 3708 l
303 3661 518 3710 misunderstand
539 3653 609 3724 you',
631 3675 662 3710 or
677 3655 746 3710 ι14441
764 3658 838 3710 don't
856 3672 904 3722 say
921 3653 992 3724 so’a.)

141 3750 191 3798 Dte
208 3746 283 3806 1444414,
300 3747 417 3808 placetne
435 3747 479 3796 4444·
495 3747 571 3798 edere
589 3749 690 3798 41444444
707 3747 783 3796 meo‘i
805 3746 867 3811 (Cio.
888 3745 923 3795 ad
941 3747 992 3795 stt.
1014 3747 1083 3805 xlii,
1104 3750 1147 3806 st,
1167 3746 1194 3808 4)

78 3833 235 3894 (adnotans:
256 3831 332 3882 »This
350 3833 390 3881 dic
407 3833 486 3891 444414,
507 3832 560 3883 like
579 3834 624 3884 the
642 3833 815 3897 conjunction
835 3832 893 3890 eho,
915 3832 938 3881 is
958 3831 1060 3895 merely
1079 3845 1093 3880 a
1114 3832 1193 3882 mode
1212 3832 1241 3882 oi

76 3919 186 3982 inviting
204 3933 220 3968 a
240 3915 362 3981 person's
380 3917 479 3982 special
498 3920 628 3968 attention
648 3923 674 3970 to
687 3931 763 3969 some
776 3918 883 3981 coming
902 3918 1034 3981 question.
1067 3918 1122 3968 The
1137 3919 1237 3968 French

76 4007 100 4053 in
121 4005 166 4054 the
185 4017 262 4054 same
280 4015 341 4066 way
360 4015 407 4054 ose
424 4005 563 4065 dis-ram«)

144 4090 219 4150 Cedo,
240 4091 304 4151 quid
321 4091 434 4152 turpabit
451 4091 553 4141 tecum?
574 4089 643 4152 (Ter.
662 4090 731 4139 And.
752 4092 783 4149 44,
805 4095 829 4150 3,
853 4092 893 4152 ts)

145 4178 256 4238 Quaeso,
277 4180 389 4236 quotiens
407 4177 563 4226 dicendumst
580 4177 642 4225 titt?
662 4175 709 4237 (Pl.
733 4177 808 4225 Most.
833 4177 873 4235 411,
894 4180 919 4235 2,
941 4172 1004 4241 3411.

1036 4277 1085 4326 tt*
