<?xml version="1.0" encoding="UTF-8"?>
<!DOCTYPE html PUBLIC "-//W3C//DTD XHTML 1.0 Transitional//EN"
    "http://www.w3.org/TR/xhtml1/DTD/xhtml1-transitional.dtd">
<html xmlns="http://www.w3.org/1999/xhtml" xml:lang="en" lang="en">
 <head>
  <title>
</title>
<meta http-equiv="Content-Type" content="text/html;charset=utf-8" />
  <meta name='ocr-system' content='tesseract 3.04.00' />
  <meta name='ocr-capabilities' content='ocr_page ocr_carea ocr_par ocr_line ocrx_word'/>
</head>
<body>
  <div class='ocr_page' id='page_1' title='image "./studiainpriscos00studgoog_0110.png"; bbox 0 0 3126 5028; ppageno 0'>
   <div class='ocr_carea' id='block_1_1' title="bbox 363 414 1239 480">
    <p class='ocr_par' dir='ltr' id='par_1_1' title="bbox 363 414 1239 480">
     <span class='ocr_line' id='line_1_1' title="bbox 363 414 1239 480; baseline 0.007 -8"><span class='ocrx_word' id='word_1_1' title='bbox 363 414 405 473; x_wconf 82' lang='lat' dir='ltr'><strong>De</strong></span> <span class='ocrx_word' id='word_1_2' title='bbox 429 432 625 476; x_wconf 78' lang='lat' dir='ltr'><strong>narnacrarrs</strong></span> <span class='ocrx_word' id='word_1_3' title='bbox 647 433 764 478; x_wconf 73' lang='lat' dir='ltr'><strong>raonis</strong></span> <span class='ocrx_word' id='word_1_4' title='bbox 786 417 952 477; x_wconf 76' lang='lat' dir='ltr'><strong>Psarrrurs.</strong></span> <span class='ocrx_word' id='word_1_5' title='bbox 1198 417 1239 480; x_wconf 82' lang='lat'><strong>95</strong></span> 
     </span>
    </p>
   </div>
   <div class='ocr_carea' id='block_1_2' title="bbox 84 581 1245 1180">
    <p class='ocr_par' dir='ltr' id='par_1_2' title="bbox 84 581 1245 1180">
     <span class='ocr_line' id='line_1_2' title="bbox 85 581 1241 668; baseline 0.008 -28"><span class='ocrx_word' id='word_1_6' title='bbox 85 591 221 657; x_wconf 86' lang='lat' dir='ltr'><strong>guantem</strong></span> <span class='ocrx_word' id='word_1_7' title='bbox 243 581 342 646; x_wconf 84' lang='lat' dir='ltr'><strong>luisse</strong></span> <span class='ocrx_word' id='word_1_8' title='bbox 371 586 401 666; x_wconf 81' lang='lat' dir='ltr'><strong>(l,</strong></span> <span class='ocrx_word' id='word_1_9' title='bbox 423 585 465 664; x_wconf 82' lang='grc' dir='ltr'><strong>Ι).</strong></span> <span class='ocrx_word' id='word_1_10' title='bbox 500 583 626 650; x_wconf 86' lang='lat' dir='ltr'><strong>Accedit</strong></span> <span class='ocrx_word' id='word_1_11' title='bbox 639 586 825 667; x_wconf 84' lang='lat' dir='ltr'><strong>Astaphium</strong></span> <span class='ocrx_word' id='word_1_12' title='bbox 847 586 998 668; x_wconf 79' lang='lat' dir='ltr'>docetque</span> <span class='ocrx_word' id='word_1_13' title='bbox 1019 607 1108 666; x_wconf 91' lang='lat' dir='ltr'><strong>eum,</strong></span> <span class='ocrx_word' id='word_1_14' title='bbox 1134 605 1241 668; x_wconf 91' lang='lat' dir='ltr'><strong>quan-</strong></span> 
     </span>
     <span class='ocr_line' id='line_1_3' title="bbox 87 686 1242 768; baseline 0.007 -24"><span class='ocrx_word' id='word_1_15' title='bbox 87 693 147 744; x_wconf 90' lang='lat' dir='ltr'><strong>tum</strong></span> <span class='ocrx_word' id='word_1_16' title='bbox 175 686 297 748; x_wconf 89' lang='lat' dir='ltr'><strong>intersit</strong></span> <span class='ocrx_word' id='word_1_17' title='bbox 323 689 403 748; x_wconf 89' lang='lat' dir='ltr'><strong>inter</strong></span> <span class='ocrx_word' id='word_1_18' title='bbox 424 687 551 752; x_wconf 89' lang='lat' dir='ltr'><strong>diuitem</strong></span> <span class='ocrx_word' id='word_1_19' title='bbox 581 698 614 750; x_wconf 90' lang='lat' dir='ltr'><strong>et</strong></span> <span class='ocrx_word' id='word_1_20' title='bbox 639 708 809 768; x_wconf 79' lang='lat' dir='ltr'><strong>pauperem</strong></span> <span class='ocrx_word' id='word_1_21' title='bbox 838 699 1021 766; x_wconf 65' lang='lat' dir='ltr'><strong>amatorem</strong></span> <span class='ocrx_word' id='word_1_22' title='bbox 1059 690 1184 751; x_wconf 86' lang='lat' dir='ltr'><strong>tandem</strong></span> <span class='ocrx_word' id='word_1_23' title='bbox 1214 693 1242 752; x_wconf 88' lang='lat' dir='ltr'><strong>ie</strong></span> 
     </span>
     <span class='ocr_line' id='line_1_4' title="bbox 86 787 1241 872; baseline 0.008 -27"><span class='ocrx_word' id='word_1_24' title='bbox 86 787 204 850; x_wconf 76' lang='lat' dir='ltr'><strong>simulat</strong></span> <span class='ocrx_word' id='word_1_25' title='bbox 226 808 261 850; x_wconf 90' lang='lat' dir='ltr'><strong>sc</strong></span> <span class='ocrx_word' id='word_1_26' title='bbox 288 789 425 852; x_wconf 89' lang='lat' dir='ltr'><strong>nondum</strong></span> <span class='ocrx_word' id='word_1_27' title='bbox 441 810 564 852; x_wconf 89' lang='lat' dir='ltr'><strong>omnem</strong></span> <span class='ocrx_word' id='word_1_28' title='bbox 587 811 650 852; x_wconf 88' lang='lat' dir='ltr'><strong>rem</strong></span> <span class='ocrx_word' id='word_1_29' title='bbox 674 793 858 854; x_wconf 82' lang='lat' dir='ltr'><strong>familiarem</strong></span> <span class='ocrx_word' id='word_1_30' title='bbox 878 791 1052 872; x_wconf 77' lang='lat' dir='ltr'>perdidisse</span> <span class='ocrx_word' id='word_1_31' title='bbox 1070 792 1127 854; x_wconf 90' lang='lat' dir='ltr'><strong>sed</strong></span> <span class='ocrx_word' id='word_1_32' title='bbox 1148 795 1241 854; x_wconf 90' lang='lat' dir='ltr'><strong>etiam</strong></span> 
     </span>
     <span class='ocr_line' id='line_1_5' title="bbox 86 893 1245 976; baseline 0.006 -26"><span class='ocrx_word' id='word_1_33' title='bbox 86 900 146 952; x_wconf 89' lang='lat' dir='ltr'><strong>tum</strong></span> <span class='ocrx_word' id='word_1_34' title='bbox 168 910 256 972; x_wconf 90' lang='lat' dir='ltr'><strong>agros</strong></span> <span class='ocrx_word' id='word_1_35' title='bbox 280 905 311 954; x_wconf 90' lang='lat' dir='ltr'><strong>et</strong></span> <span class='ocrx_word' id='word_1_36' title='bbox 325 893 419 956; x_wconf 91' lang='lat' dir='ltr'><strong>aedes</strong></span> <span class='ocrx_word' id='word_1_37' title='bbox 442 895 560 974; x_wconf 89' lang='lat' dir='ltr'><strong>reliqua</strong></span> <span class='ocrx_word' id='word_1_38' title='bbox 577 914 661 970; x_wconf 73' lang='lat' dir='ltr'><strong>esse,</strong></span> <span class='ocrx_word' id='word_1_39' title='bbox 689 905 755 956; x_wconf 90' lang='lat' dir='ltr'><strong>tum</strong></span> <span class='ocrx_word' id='word_1_40' title='bbox 771 894 881 956; x_wconf 91' lang='lat' dir='ltr'><strong>ancilla</strong></span> <span class='ocrx_word' id='word_1_41' title='bbox 897 895 1052 974; x_wconf 84' lang='lat' dir='ltr'><strong>extemplo</strong></span> <span class='ocrx_word' id='word_1_42' title='bbox 1067 906 1245 976; x_wconf 86' lang='lat' dir='ltr'><strong>permutata-</strong></span> 
     </span>
     <span class='ocr_line' id='line_1_6' title="bbox 84 995 1241 1078; baseline 0.007 -26"><span class='ocrx_word' id='word_1_43' title='bbox 84 1011 150 1056; x_wconf 86' lang='lat' dir='ltr'><strong>aum</strong></span> <span class='ocrx_word' id='word_1_44' title='bbox 172 995 289 1058; x_wconf 89' lang='lat' dir='ltr'><strong>intrare</strong></span> <span class='ocrx_word' id='word_1_45' title='bbox 312 996 414 1073; x_wconf 76' lang='lat' dir='ltr'><strong>iubet,</strong></span> <span class='ocrx_word' id='word_1_46' title='bbox 442 1016 513 1059; x_wconf 91' lang='lat' dir='ltr'><strong>cum</strong></span> <span class='ocrx_word' id='word_1_47' title='bbox 537 1016 611 1058; x_wconf 91' lang='lat' dir='ltr'><strong>uero</strong></span> <span class='ocrx_word' id='word_1_48' title='bbox 634 996 673 1058; x_wconf 93' lang='lat' dir='ltr'><strong>de</strong></span> <span class='ocrx_word' id='word_1_49' title='bbox 694 1008 786 1078; x_wconf 91' lang='lat' dir='ltr'><strong>partu</strong></span> <span class='ocrx_word' id='word_1_50' title='bbox 809 1017 878 1060; x_wconf 87' lang='lat' dir='ltr'><strong>eam</strong></span> <span class='ocrx_word' id='word_1_51' title='bbox 900 999 1073 1077; x_wconf 87' lang='lat' dir='ltr'><strong>interroget,</strong></span> <span class='ocrx_word' id='word_1_52' title='bbox 1101 1017 1185 1060; x_wconf 89' lang='lat' dir='ltr'><strong>eram</strong></span> <span class='ocrx_word' id='word_1_53' title='bbox 1208 1017 1241 1060; x_wconf 90' lang='lat' dir='ltr'><strong>re</strong></span> 
     </span>
     <span class='ocr_line' id='line_1_7' title="bbox 85 1099 1243 1180; baseline 0.003 -22"><span class='ocrx_word' id='word_1_54' title='bbox 85 1114 152 1158; x_wconf 85' lang='lat' dir='ltr'><strong>uera</strong></span> <span class='ocrx_word' id='word_1_55' title='bbox 180 1099 343 1177; x_wconf 79' lang='lat' dir='ltr'><strong>peperisse</strong></span> <span class='ocrx_word' id='word_1_56' title='bbox 363 1099 539 1180; x_wconf 83' lang='lat' dir='ltr'><strong>¹respondet</strong></span> <span class='ocrx_word' id='word_1_57' title='bbox 568 1099 805 1180; x_wconf 89' lang='lat' dir='ltr'><strong>dubitantique,</strong></span> <span class='ocrx_word' id='word_1_58' title='bbox 838 1110 873 1162; x_wconf 91' lang='lat' dir='ltr'><strong>ut</strong></span> <span class='ocrx_word' id='word_1_59' title='bbox 900 1100 1042 1178; x_wconf 91' lang='lat' dir='ltr'><strong>uidetur,</strong></span> <span class='ocrx_word' id='word_1_60' title='bbox 1075 1100 1243 1178; x_wconf 86' lang='lat' dir='ltr'><strong>persuadet</strong></span> 
     </span>
    </p>
   </div>
   <div class='ocr_carea' id='block_1_3' title="bbox 89 1199 1345 1284">
    <p class='ocr_par' dir='ltr' id='par_1_3' title="bbox 89 1199 1345 1284">
     <span class='ocr_line' id='line_1_8' title="bbox 89 1199 1345 1284; baseline 0 -22"><span class='ocrx_word' id='word_1_61' title='bbox 89 1199 116 1277; x_wconf 77' lang='lat' dir='ltr'><strong>il,</strong></span> <span class='ocrx_word' id='word_1_62' title='bbox 136 1201 179 1276; x_wconf 76' lang='lat'><strong>2).</strong></span> <span class='ocrx_word' id='word_1_63' title='bbox 213 1202 294 1262; x_wconf 90' lang='lat' dir='ltr'><strong>Tum</strong></span> <span class='ocrx_word' id='word_1_64' title='bbox 310 1203 493 1265; x_wconf 86' lang='lat' dir='ltr'><strong>Diniarchus</strong></span> <span class='ocrx_word' id='word_1_65' title='bbox 515 1201 641 1264; x_wconf 90' lang='lat' dir='ltr'><strong>domum</strong></span> <span class='ocrx_word' id='word_1_66' title='bbox 664 1204 832 1264; x_wconf 86' lang='lat' dir='ltr'><strong>meretricis</strong></span> <span class='ocrx_word' id='word_1_67' title='bbox 847 1203 1029 1282; x_wconf 79' lang='lat' dir='ltr'><strong>ingreditur,</strong></span> <span class='ocrx_word' id='word_1_68' title='bbox 1056 1201 1240 1284; x_wconf 86' lang='lat' dir='ltr'><strong>Astaphium</strong></span> <span class='ocrx_word' id='word_1_69' title='bbox 1337 1250 1345 1262; x_wconf 93' lang='lat'><strong>.</strong></span> 
     </span>
    </p>
   </div>
   <div class='ocr_carea' id='block_1_4' title="bbox 78 1301 1244 3743">
    <p class='ocr_par' dir='ltr' id='par_1_4' title="bbox 78 1301 1244 3743">
     <span class='ocr_line' id='line_1_9' title="bbox 84 1301 1242 1386; baseline 0.005 -26"><span class='ocrx_word' id='word_1_70' title='bbox 84 1301 112 1362; x_wconf 88' lang='lat' dir='ltr'><strong>in</strong></span> <span class='ocrx_word' id='word_1_71' title='bbox 138 1319 249 1366; x_wconf 87' lang='lat' dir='ltr'><strong>scaena</strong></span> <span class='ocrx_word' id='word_1_72' title='bbox 276 1322 456 1383; x_wconf 87' lang='lat' dir='ltr'><strong>remanens,</strong></span> <span class='ocrx_word' id='word_1_73' title='bbox 488 1315 652 1386; x_wconf 82' lang='lat' dir='ltr'><strong>postquam</strong></span> <span class='ocrx_word' id='word_1_74' title='bbox 682 1305 799 1384; x_wconf 90' lang='lat' dir='ltr'><strong>quibus</strong></span> <span class='ocrx_word' id='word_1_75' title='bbox 823 1305 921 1367; x_wconf 91' lang='lat' dir='ltr'><strong>modis</strong></span> <span class='ocrx_word' id='word_1_76' title='bbox 944 1315 1083 1366; x_wconf 88' lang='lat' dir='ltr'><strong>amantes</strong></span> <span class='ocrx_word' id='word_1_77' title='bbox 1106 1307 1242 1368; x_wconf 85' lang='lat' dir='ltr'><strong>circum-</strong></span> 
     </span>
     <span class='ocr_line' id='line_1_10' title="bbox 83 1386 1242 1490; baseline 0.004 -26"><span class='ocrx_word' id='word_1_78' title='bbox 83 1403 244 1483; x_wconf 88' lang='lat' dir='ltr'><strong>ducantur,</strong></span> <span class='ocrx_word' id='word_1_79' title='bbox 273 1406 420 1472; x_wconf 75' lang='lat' dir='ltr'><strong>disseruit</strong></span> <span class='ocrx_word' id='word_1_80' title='bbox 446 1408 491 1490; x_wconf 89' lang='lat' dir='ltr'><strong>(ll,</strong></span> <span class='ocrx_word' id='word_1_81' title='bbox 519 1405 561 1490; x_wconf 85' lang='lat' dir='ltr'><strong>l),</strong></span> <span class='ocrx_word' id='word_1_82' title='bbox 596 1407 775 1470; x_wconf 89' lang='lat' dir='ltr'><strong>Strabacem</strong></span> <span class='ocrx_word' id='word_1_83' title='bbox 804 1386 950 1470; x_wconf 66' lang='lat' dir='ltr'><strong>iuuend&#39;m</strong></span> <span class='ocrx_word' id='word_1_84' title='bbox 974 1409 1123 1470; x_wconf 88' lang='lat' dir='ltr'><strong>rusticum</strong></span> <span class='ocrx_word' id='word_1_85' title='bbox 1146 1408 1242 1470; x_wconf 85' lang='lat' dir='ltr'><strong>blan-</strong></span> 
     </span>
     <span class='ocr_line' id='line_1_11' title="bbox 82 1506 1242 1588; baseline 0.003 -20"><span class='ocrx_word' id='word_1_86' title='bbox 82 1506 159 1570; x_wconf 90' lang='lat' dir='ltr'><strong>ditiis</strong></span> <span class='ocrx_word' id='word_1_87' title='bbox 182 1509 244 1574; x_wconf 91' lang='lat' dir='ltr'><strong>sibi</strong></span> <span class='ocrx_word' id='word_1_88' title='bbox 269 1512 431 1574; x_wconf 85' lang='lat' dir='ltr'><strong>conciliare</strong></span> <span class='ocrx_word' id='word_1_89' title='bbox 453 1509 568 1588; x_wconf 85' lang='lat' dir='ltr'><strong>studet,</strong></span> <span class='ocrx_word' id='word_1_90' title='bbox 595 1510 651 1572; x_wconf 84' lang='lat' dir='ltr'><strong>sed</strong></span> <span class='ocrx_word' id='word_1_91' title='bbox 673 1530 690 1572; x_wconf 92' lang='lat' dir='ltr'><strong>a</strong></span> <span class='ocrx_word' id='word_1_92' title='bbox 709 1511 895 1572; x_wconf 76' lang='lat' dir='ltr'><strong>Truculento</strong></span> <span class='ocrx_word' id='word_1_93' title='bbox 917 1529 1008 1572; x_wconf 84' lang='lat' dir='ltr'><strong>seruc</strong></span> <span class='ocrx_word' id='word_1_94' title='bbox 1031 1529 1070 1572; x_wconf 93' lang='lat' dir='ltr'><strong>ne</strong></span> <span class='ocrx_word' id='word_1_95' title='bbox 1093 1512 1124 1570; x_wconf 94' lang='lat' dir='ltr'><strong>in</strong></span> <span class='ocrx_word' id='word_1_96' title='bbox 1146 1510 1242 1572; x_wconf 88' lang='lat' dir='ltr'><strong>aedes</strong></span> 
     </span>
     <span class='ocr_line' id='line_1_12' title="bbox 82 1609 1239 1694; baseline 0.003 -24"><span class='ocrx_word' id='word_1_97' title='bbox 82 1613 144 1672; x_wconf 91' lang='lat' dir='ltr'><strong>eius</strong></span> <span class='ocrx_word' id='word_1_98' title='bbox 172 1613 287 1690; x_wconf 87' lang='lat' dir='ltr'><strong>intret,</strong></span> <span class='ocrx_word' id='word_1_99' title='bbox 319 1613 439 1676; x_wconf 89' lang='lat' dir='ltr'><strong>acerbis</strong></span> <span class='ocrx_word' id='word_1_100' title='bbox 462 1609 567 1676; x_wconf 84' lang='lat' dir='ltr'><strong>uerbis</strong></span> <span class='ocrx_word' id='word_1_101' title='bbox 593 1613 776 1692; x_wconf 91' lang='lat' dir='ltr'><strong>prohibetur</strong></span> <span class='ocrx_word' id='word_1_102' title='bbox 800 1614 844 1692; x_wconf 90' lang='lat' dir='ltr'><strong>(ll,</strong></span> <span class='ocrx_word' id='word_1_103' title='bbox 872 1613 917 1694; x_wconf 73' lang='grc'><strong>2).</strong></span> <span class='ocrx_word' id='word_1_104' title='bbox 957 1613 1097 1674; x_wconf 85' lang='lat' dir='ltr'><strong>Proxima</strong></span> <span class='ocrx_word' id='word_1_105' title='bbox 1127 1631 1239 1674; x_wconf 89' lang='lat' dir='ltr'><strong>scaena</strong></span> 
     </span>
     <span class='ocr_line' id='line_1_13' title="bbox 81 1713 1242 1795; baseline 0.003 -23"><span class='ocrx_word' id='word_1_106' title='bbox 81 1713 157 1776; x_wconf 88' lang='lat' dir='ltr'><strong>redit</strong></span> <span class='ocrx_word' id='word_1_107' title='bbox 180 1715 376 1792; x_wconf 85' lang='lat' dir='ltr'><strong>Diniarobus,</strong></span> <span class='ocrx_word' id='word_1_108' title='bbox 403 1717 457 1794; x_wconf 93' lang='lat' dir='ltr'><strong>qui</strong></span> <span class='ocrx_word' id='word_1_109' title='bbox 480 1714 595 1777; x_wconf 77' lang='lat' dir='ltr'><strong>frustra</strong></span> <span class='ocrx_word' id='word_1_110' title='bbox 618 1716 817 1778; x_wconf 82' lang='lat' dir='ltr'><strong>Phronesium</strong></span> <span class='ocrx_word' id='word_1_111' title='bbox 841 1716 1005 1795; x_wconf 88' lang='lat' dir='ltr'><strong>quaesiuit,</strong></span> <span class='ocrx_word' id='word_1_112' title='bbox 1034 1733 1127 1793; x_wconf 90' lang='lat' dir='ltr'><strong>quam</strong></span> <span class='ocrx_word' id='word_1_113' title='bbox 1151 1716 1242 1775; x_wconf 89' lang='lat' dir='ltr'><strong>nimis</strong></span> 
     </span>
     <span class='ocr_line' id='line_1_14' title="bbox 83 1816 1244 1900; baseline 0.002 -24"><span class='ocrx_word' id='word_1_114' title='bbox 83 1816 134 1878; x_wconf 90' lang='lat' dir='ltr'><strong>diu</strong></span> <span class='ocrx_word' id='word_1_115' title='bbox 157 1817 258 1882; x_wconf 85' lang='lat' dir='ltr'><strong>leuari</strong></span> <span class='ocrx_word' id='word_1_116' title='bbox 280 1817 384 1896; x_wconf 89' lang='lat' dir='ltr'><strong>lepide</strong></span> <span class='ocrx_word' id='word_1_117' title='bbox 405 1819 548 1898; x_wconf 90' lang='lat' dir='ltr'><strong>queritur</strong></span> <span class='ocrx_word' id='word_1_118' title='bbox 574 1817 619 1898; x_wconf 89' lang='lat' dir='ltr'><strong>(ll,</strong></span> <span class='ocrx_word' id='word_1_119' title='bbox 645 1817 689 1900; x_wconf 87' lang='grc'><strong>3).</strong></span> <span class='ocrx_word' id='word_1_120' title='bbox 737 1817 874 1879; x_wconf 82' lang='lat' dir='ltr'><strong>Tandem</strong></span> <span class='ocrx_word' id='word_1_121' title='bbox 899 1819 1046 1878; x_wconf 84' lang='lat' dir='ltr'><strong>meretrix</strong></span> <span class='ocrx_word' id='word_1_122' title='bbox 1067 1816 1158 1878; x_wconf 93' lang='lat' dir='ltr'><strong>domo</strong></span> <span class='ocrx_word' id='word_1_123' title='bbox 1180 1819 1244 1878; x_wconf 82' lang='lat' dir='ltr'><strong>exit</strong></span> 
     </span>
     <span class='ocr_line' id='line_1_15' title="bbox 81 1919 1243 2001; baseline 0.001 -22"><span class='ocrx_word' id='word_1_124' title='bbox 81 1930 312 2000; x_wconf 74' lang='lat' dir='ltr'><strong>amatoremque</strong></span> <span class='ocrx_word' id='word_1_125' title='bbox 334 1938 440 1984; x_wconf 89' lang='lat' dir='ltr'><strong>secum</strong></span> <span class='ocrx_word' id='word_1_126' title='bbox 463 1919 639 1995; x_wconf 88' lang='lat' dir='ltr'><strong>introducit,</strong></span> <span class='ocrx_word' id='word_1_127' title='bbox 665 1939 799 2001; x_wconf 90' lang='lat' dir='ltr'><strong>quocum</strong></span> <span class='ocrx_word' id='word_1_128' title='bbox 823 1920 901 1979; x_wconf 89' lang='lat' dir='ltr'><strong>intra</strong></span> <span class='ocrx_word' id='word_1_129' title='bbox 918 1920 1050 1997; x_wconf 84' lang='lat' dir='ltr'><strong>parietes</strong></span> <span class='ocrx_word' id='word_1_130' title='bbox 1065 1919 1243 2000; x_wconf 89' lang='lat' dir='ltr'><strong>colloquens</strong></span> 
     </span>
     <span class='ocr_line' id='line_1_16' title="bbox 80 2020 1244 2103; baseline -0.003 -20"><span class='ocrx_word' id='word_1_131' title='bbox 80 2023 338 2101; x_wconf 81' lang='lat' dir='ltr'><strong>conspiciebatur.</strong></span> <span class='ocrx_word' id='word_1_132' title='bbox 378 2023 466 2084; x_wconf 89' lang='lat' dir='ltr'><strong>Nunc</strong></span> <span class='ocrx_word' id='word_1_133' title='bbox 487 2023 586 2103; x_wconf 84' lang='lat' dir='ltr'><strong>ipsam</strong></span> <span class='ocrx_word' id='word_1_134' title='bbox 603 2023 785 2084; x_wconf 85' lang='lat' dir='ltr'><strong>Diniarohus</strong></span> <span class='ocrx_word' id='word_1_135' title='bbox 807 2020 847 2082; x_wconf 93' lang='lat' dir='ltr'><strong>de</strong></span> <span class='ocrx_word' id='word_1_136' title='bbox 862 2031 953 2099; x_wconf 90' lang='lat' dir='ltr'><strong>partu</strong></span> <span class='ocrx_word' id='word_1_137' title='bbox 976 2021 1120 2082; x_wconf 84' lang='lat' dir='ltr'><strong>simrdatc</strong></span> <span class='ocrx_word' id='word_1_138' title='bbox 1142 2022 1244 2083; x_wconf 60' lang='lat' dir='ltr'><strong>inter-2</strong></span> 
     </span>
     <span class='ocr_line' id='line_1_17' title="bbox 81 2123 1241 2204; baseline 0.002 -22"><span class='ocrx_word' id='word_1_139' title='bbox 81 2135 161 2204; x_wconf 84' lang='lat' dir='ltr'><strong>rogat</strong></span> <span class='ocrx_word' id='word_1_140' title='bbox 175 2134 208 2186; x_wconf 91' lang='lat' dir='ltr'><strong>et</strong></span> <span class='ocrx_word' id='word_1_141' title='bbox 223 2143 299 2188; x_wconf 90' lang='lat' dir='ltr'><strong>cum</strong></span> <span class='ocrx_word' id='word_1_142' title='bbox 321 2133 414 2188; x_wconf 83' lang='lat' dir='ltr'><strong>totam</strong></span> <span class='ocrx_word' id='word_1_143' title='bbox 438 2141 513 2200; x_wconf 89' lang='lat' dir='ltr'><strong>rem,</strong></span> <span class='ocrx_word' id='word_1_144' title='bbox 540 2133 575 2186; x_wconf 93' lang='lat' dir='ltr'><strong>ut</strong></span> <span class='ocrx_word' id='word_1_145' title='bbox 597 2133 662 2186; x_wconf 89' lang='lat' dir='ltr'><strong>acta</strong></span> <span class='ocrx_word' id='word_1_146' title='bbox 686 2125 736 2202; x_wconf 90' lang='lat' dir='ltr'><strong>sit,</strong></span> <span class='ocrx_word' id='word_1_147' title='bbox 762 2125 953 2204; x_wconf 87' lang='lat' dir='ltr'><strong>compererit,</strong></span> <span class='ocrx_word' id='word_1_148' title='bbox 979 2123 1112 2185; x_wconf 88' lang='lat' dir='ltr'><strong>libenter</strong></span> <span class='ocrx_word' id='word_1_149' title='bbox 1126 2123 1241 2185; x_wconf 89' lang='lat' dir='ltr'><strong>donum</strong></span> 
     </span>
     <span class='ocr_line' id='line_1_18' title="bbox 79 2224 1238 2306; baseline 0.001 -18"><span class='ocrx_word' id='word_1_150' title='bbox 79 2230 226 2305; x_wconf 87' lang='lat' dir='ltr'><strong>promittit</strong></span> <span class='ocrx_word' id='word_1_151' title='bbox 238 2228 437 2306; x_wconf 82' lang='lat' dir='ltr'><strong>maximoque</strong></span> <span class='ocrx_word' id='word_1_152' title='bbox 452 2225 565 2305; x_wconf 82' lang='lat' dir='ltr'><strong>gaudio</strong></span> <span class='ocrx_word' id='word_1_153' title='bbox 579 2226 706 2288; x_wconf 83' lang='lat' dir='ltr'><strong>affectus</strong></span> <span class='ocrx_word' id='word_1_154' title='bbox 722 2236 778 2304; x_wconf 91' lang='lat' dir='ltr'><strong>est,</strong></span> <span class='ocrx_word' id='word_1_155' title='bbox 798 2225 882 2306; x_wconf 92' lang='lat' dir='ltr'><strong>quod</strong></span> <span class='ocrx_word' id='word_1_156' title='bbox 897 2224 957 2286; x_wconf 90' lang='lat' dir='ltr'><strong>sibi</strong></span> <span class='ocrx_word' id='word_1_157' title='bbox 974 2227 1174 2288; x_wconf 90' lang='lat' dir='ltr'><strong>commissum</strong></span> <span class='ocrx_word' id='word_1_158' title='bbox 1188 2228 1238 2302; x_wconf 84' lang='lat' dir='ltr'><strong>sit,</strong></span> 
     </span>
     <span class='ocr_line' id='line_1_19' title="bbox 209 2327 1133 2409; baseline -0.003 -16"><span class='ocrx_word' id='word_1_159' title='bbox 209 2331 383 2393; x_wconf 83' lang='lat' dir='ltr'><strong>Gcrmdane</strong></span> <span class='ocrx_word' id='word_1_160' title='bbox 405 2328 485 2409; x_wconf 86' lang='lat' dir='ltr'><strong>quod</strong></span> <span class='ocrx_word' id='word_1_161' title='bbox 505 2330 606 2392; x_wconf 79' lang='lat' dir='ltr'><strong>soro&#39;ra&#39;</strong></span> <span class='ocrx_word' id='word_1_162' title='bbox 627 2348 686 2392; x_wconf 79' lang='lat' dir='ltr'><strong>coo</strong></span> <span class='ocrx_word' id='word_1_163' title='bbox 708 2329 802 2390; x_wconf 84' lang='lat' dir='ltr'><strong>credit</strong></span> <span class='ocrx_word' id='word_1_164' title='bbox 824 2347 910 2391; x_wconf 82' lang='lat' dir='ltr'><strong>soror</strong></span> <span class='ocrx_word' id='word_1_165' title='bbox 936 2329 981 2409; x_wconf 81' lang='lat' dir='ltr'><strong>(ll,</strong></span> <span class='ocrx_word' id='word_1_166' title='bbox 1009 2330 1038 2407; x_wconf 88' lang='lat' dir='ltr'><strong>l,</strong></span> <span class='ocrx_word' id='word_1_167' title='bbox 1066 2327 1133 2408; x_wconf 81' lang='lat' dir='ltr'><strong>Sl).</strong></span> 
     </span>
     <span class='ocr_line' id='line_1_20' title="bbox 80 2430 1239 2512; baseline 0.002 -20"><span class='ocrx_word' id='word_1_168' title='bbox 80 2433 138 2494; x_wconf 88' lang='lat' dir='ltr'><strong>lloc</strong></span> <span class='ocrx_word' id='word_1_169' title='bbox 160 2432 341 2496; x_wconf 83' lang='lat' dir='ltr'><strong>continetur</strong></span> <span class='ocrx_word' id='word_1_170' title='bbox 360 2449 471 2492; x_wconf 85' lang='lat' dir='ltr'><strong>scaena</strong></span> <span class='ocrx_word' id='word_1_171' title='bbox 495 2432 529 2509; x_wconf 89' lang='lat' dir='ltr'><strong>ll,</strong></span> <span class='ocrx_word' id='word_1_172' title='bbox 557 2433 593 2507; x_wconf 83' lang='lat' dir='ltr'><strong>d;</strong></span> <span class='ocrx_word' id='word_1_173' title='bbox 626 2433 806 2512; x_wconf 83' lang='lat' dir='ltr'><strong>aproxima</strong></span> <span class='ocrx_word' id='word_1_174' title='bbox 829 2430 986 2494; x_wconf 78' lang='lat' dir='ltr'><strong>secundus</strong></span> <span class='ocrx_word' id='word_1_175' title='bbox 1008 2441 1095 2496; x_wconf 86' lang='lat' dir='ltr'><strong>actus</strong></span> <span class='ocrx_word' id='word_1_176' title='bbox 1123 2433 1239 2511; x_wconf 88' lang='lat' dir='ltr'><strong>incipit,</strong></span> 
     </span>
     <span class='ocr_line' id='line_1_21' title="bbox 79 2533 1243 2615; baseline 0.002 -21"><span class='ocrx_word' id='word_1_177' title='bbox 79 2537 164 2596; x_wconf 88' lang='lat' dir='ltr'><strong>cuius</strong></span> <span class='ocrx_word' id='word_1_178' title='bbox 187 2544 408 2615; x_wconf 76' lang='lat' dir='ltr'><strong>argumentum</strong></span> <span class='ocrx_word' id='word_1_179' title='bbox 438 2533 546 2596; x_wconf 89' lang='lat' dir='ltr'><strong>eodem</strong></span> <span class='ocrx_word' id='word_1_180' title='bbox 576 2553 638 2612; x_wconf 92' lang='lat' dir='ltr'><strong>quo</strong></span> <span class='ocrx_word' id='word_1_181' title='bbox 667 2535 786 2615; x_wconf 90' lang='lat' dir='ltr'><strong>primus</strong></span> <span class='ocrx_word' id='word_1_182' title='bbox 813 2533 864 2597; x_wconf 87' lang='lat' dir='ltr'><strong>die</strong></span> <span class='ocrx_word' id='word_1_183' title='bbox 893 2535 1003 2614; x_wconf 88' lang='lat' dir='ltr'><strong>agitur.</strong></span> <span class='ocrx_word' id='word_1_184' title='bbox 1043 2535 1243 2596; x_wconf 90' lang='lat' dir='ltr'><strong>Phronesium</strong></span> 
     </span>
     <span class='ocr_line' id='line_1_22' title="bbox 79 2636 1244 2719; baseline 0 -21"><span class='ocrx_word' id='word_1_185' title='bbox 79 2639 183 2716; x_wconf 82' lang='lat' dir='ltr'><strong>paucis</strong></span> <span class='ocrx_word' id='word_1_186' title='bbox 205 2637 318 2702; x_wconf 84' lang='lat' dir='ltr'><strong>uerbis</strong></span> <span class='ocrx_word' id='word_1_187' title='bbox 340 2638 442 2700; x_wconf 89' lang='lat' dir='ltr'><strong>omnia</strong></span> <span class='ocrx_word' id='word_1_188' title='bbox 464 2636 505 2699; x_wconf 83' lang='lat' dir='ltr'><strong>ud</strong></span> <span class='ocrx_word' id='word_1_189' title='bbox 519 2636 733 2716; x_wconf 90' lang='lat' dir='ltr'><strong>accipiendum</strong></span> <span class='ocrx_word' id='word_1_190' title='bbox 749 2637 983 2716; x_wconf 85' lang='lat' dir='ltr'><strong>Stratophanem</strong></span> <span class='ocrx_word' id='word_1_191' title='bbox 999 2638 1126 2698; x_wconf 88' lang='lat' dir='ltr'><strong>militem</strong></span> <span class='ocrx_word' id='word_1_192' title='bbox 1141 2640 1244 2719; x_wconf 89' lang='lat' dir='ltr'><strong>parari</strong></span> 
     </span>
     <span class='ocr_line' id='line_1_23' title="bbox 79 2739 1243 2820; baseline 0.002 -22"><span class='ocrx_word' id='word_1_193' title='bbox 79 2740 163 2802; x_wconf 88' lang='lat' dir='ltr'><strong>iubet</strong></span> <span class='ocrx_word' id='word_1_194' title='bbox 195 2742 245 2819; x_wconf 81' lang='lat' dir='ltr'><strong>(ll,</strong></span> <span class='ocrx_word' id='word_1_195' title='bbox 275 2739 325 2820; x_wconf 81' lang='grc'><strong>5),</strong></span> <span class='ocrx_word' id='word_1_196' title='bbox 358 2757 429 2804; x_wconf 87' lang='lat' dir='ltr'><strong>oum</strong></span> <span class='ocrx_word' id='word_1_197' title='bbox 458 2740 525 2818; x_wconf 84' lang='lat' dir='ltr'><strong>ipse</strong></span> <span class='ocrx_word' id='word_1_198' title='bbox 554 2740 647 2802; x_wconf 83' lang='lat' dir='ltr'><strong>intrat</strong></span> <span class='ocrx_word' id='word_1_199' title='bbox 675 2750 706 2804; x_wconf 90' lang='lat' dir='ltr'><strong>et</strong></span> <span class='ocrx_word' id='word_1_200' title='bbox 735 2740 823 2801; x_wconf 83' lang='lat' dir='ltr'><strong>facile</strong></span> <span class='ocrx_word' id='word_1_201' title='bbox 853 2739 1001 2820; x_wconf 86' lang='lat' dir='ltr'><strong>deceptus</strong></span> <span class='ocrx_word' id='word_1_202' title='bbox 1021 2740 1141 2819; x_wconf 86' lang='lat' dir='ltr'><strong>maguis</strong></span> <span class='ocrx_word' id='word_1_203' title='bbox 1174 2759 1243 2801; x_wconf 86' lang='lat' dir='ltr'><strong>cam</strong></span> 
     </span>
     <span class='ocr_line' id='line_1_24' title="bbox 79 2841 1244 2922; baseline -0.001 -18"><span class='ocrx_word' id='word_1_204' title='bbox 79 2842 168 2906; x_wconf 90' lang='lat' dir='ltr'><strong>donis</strong></span> <span class='ocrx_word' id='word_1_205' title='bbox 190 2843 302 2906; x_wconf 87' lang='lat' dir='ltr'><strong>obruit</strong></span> <span class='ocrx_word' id='word_1_206' title='bbox 327 2841 372 2922; x_wconf 80' lang='lat' dir='ltr'><strong>(ll,</strong></span> <span class='ocrx_word' id='word_1_207' title='bbox 394 2841 438 2921; x_wconf 86' lang='grc'><strong>6).</strong></span> <span class='ocrx_word' id='word_1_208' title='bbox 480 2842 572 2904; x_wconf 86' lang='lat' dir='ltr'><strong>Paulo</strong></span> <span class='ocrx_word' id='word_1_209' title='bbox 587 2853 657 2920; x_wconf 88' lang='lat' dir='ltr'><strong>post</strong></span> <span class='ocrx_word' id='word_1_210' title='bbox 672 2843 817 2921; x_wconf 81' lang='lat' dir='ltr'><strong>Cyamus,</strong></span> <span class='ocrx_word' id='word_1_211' title='bbox 837 2842 990 2904; x_wconf 86' lang='lat' dir='ltr'><strong>Diniarchi</strong></span> <span class='ocrx_word' id='word_1_212' title='bbox 1009 2859 1130 2920; x_wconf 88' lang='lat' dir='ltr'><strong>seruus,</strong></span> <span class='ocrx_word' id='word_1_213' title='bbox 1150 2842 1244 2903; x_wconf 89' lang='lat' dir='ltr'><strong>huius</strong></span> 
     </span>
     <span class='ocr_line' id='line_1_25' title="bbox 79 2930 1242 3024; baseline -0.002 -18"><span class='ocrx_word' id='word_1_214' title='bbox 79 2944 156 3008; x_wconf 88' lang='lat' dir='ltr'><strong>dona</strong></span> <span class='ocrx_word' id='word_1_215' title='bbox 172 2954 206 3006; x_wconf 89' lang='lat' dir='ltr'><strong>et</strong></span> <span class='ocrx_word' id='word_1_216' title='bbox 221 2945 390 3008; x_wconf 87' lang='lat' dir='ltr'><strong>obsonium</strong></span> <span class='ocrx_word' id='word_1_217' title='bbox 412 2945 510 3022; x_wconf 84' lang='lat' dir='ltr'><strong>effert,</strong></span> <span class='ocrx_word' id='word_1_218' title='bbox 535 2944 640 3024; x_wconf 90' lang='lat' dir='ltr'><strong>itaque</strong></span> <span class='ocrx_word' id='word_1_219' title='bbox 663 2945 801 3022; x_wconf 89' lang='lat' dir='ltr'><strong>militem,</strong></span> <span class='ocrx_word' id='word_1_220' title='bbox 827 2945 882 3024; x_wconf 93' lang='lat' dir='ltr'><strong>qui</strong></span> <span class='ocrx_word' id='word_1_221' title='bbox 897 2944 957 3006; x_wconf 92' lang='lat' dir='ltr'><strong>sibi</strong></span> <span class='ocrx_word' id='word_1_222' title='bbox 972 2945 1055 3005; x_wconf 91' lang='lat' dir='ltr'><strong>bunc</strong></span> <span class='ocrx_word' id='word_1_223' title='bbox 1068 2930 1242 3023; x_wconf 88' lang='lat' dir='ltr'><strong>praelatum</strong></span> 
     </span>
     <span class='ocr_line' id='line_1_26' title="bbox 78 3047 1243 3126; baseline 0.001 -19"><span class='ocrx_word' id='word_1_224' title='bbox 78 3066 143 3110; x_wconf 87' lang='lat' dir='ltr'><strong>esse</strong></span> <span class='ocrx_word' id='word_1_225' title='bbox 165 3048 264 3126; x_wconf 91' lang='lat' dir='ltr'><strong>dolet,</strong></span> <span class='ocrx_word' id='word_1_226' title='bbox 292 3048 325 3108; x_wconf 92' lang='lat' dir='ltr'><strong>in</strong></span> <span class='ocrx_word' id='word_1_227' title='bbox 347 3056 466 3110; x_wconf 85' lang='lat' dir='ltr'><strong>tantum</strong></span> <span class='ocrx_word' id='word_1_228' title='bbox 489 3047 623 3110; x_wconf 84' lang='lat' dir='ltr'><strong>iurarem</strong></span> <span class='ocrx_word' id='word_1_229' title='bbox 647 3047 784 3126; x_wconf 89' lang='lat' dir='ltr'><strong>impellit,</strong></span> <span class='ocrx_word' id='word_1_230' title='bbox 811 3056 846 3109; x_wconf 87' lang='lat' dir='ltr'><strong>ut</strong></span> <span class='ocrx_word' id='word_1_231' title='bbox 867 3065 979 3108; x_wconf 87' lang='lat' dir='ltr'><strong>seruus</strong></span> <span class='ocrx_word' id='word_1_232' title='bbox 1001 3047 1070 3106; x_wconf 89' lang='lat' dir='ltr'><strong>eius</strong></span> <span class='ocrx_word' id='word_1_233' title='bbox 1091 3048 1157 3108; x_wconf 90' lang='lat' dir='ltr'><strong>uim</strong></span> <span class='ocrx_word' id='word_1_234' title='bbox 1187 3049 1243 3108; x_wconf 82' lang='lat' dir='ltr'><strong>uix</strong></span> 
     </span>
     <span class='ocr_line' id='line_1_27' title="bbox 79 3147 1243 3231; baseline 0.002 -21"><span class='ocrx_word' id='word_1_235' title='bbox 79 3151 201 3230; x_wconf 78' lang='lat' dir='ltr'><strong>effugiet</strong></span> <span class='ocrx_word' id='word_1_236' title='bbox 231 3151 280 3231; x_wconf 85' lang='lat' dir='ltr'><strong>(ll,</strong></span> <span class='ocrx_word' id='word_1_237' title='bbox 309 3148 353 3224; x_wconf 82' lang='lat'><strong>7).</strong></span> <span class='ocrx_word' id='word_1_238' title='bbox 392 3152 460 3222; x_wconf 93' lang='lat' dir='ltr'><strong>Quo</strong></span> <span class='ocrx_word' id='word_1_239' title='bbox 483 3149 563 3211; x_wconf 83' lang='lat' dir='ltr'><strong>lacto</strong></span> <span class='ocrx_word' id='word_1_240' title='bbox 584 3149 783 3212; x_wconf 86' lang='lat' dir='ltr'><strong>Phronesium</strong></span> <span class='ocrx_word' id='word_1_241' title='bbox 798 3149 925 3211; x_wconf 90' lang='lat' dir='ltr'><strong>domum</strong></span> <span class='ocrx_word' id='word_1_242' title='bbox 948 3147 1128 3228; x_wconf 76' lang='lat' dir='ltr'><strong>ingreditur,</strong></span> <span class='ocrx_word' id='word_1_243' title='bbox 1155 3151 1243 3212; x_wconf 89' lang='lat' dir='ltr'><strong>miles</strong></span> 
     </span>
     <span class='ocr_line' id='line_1_28' title="bbox 78 3251 1244 3334; baseline 0.002 -23"><span class='ocrx_word' id='word_1_244' title='bbox 78 3255 171 3314; x_wconf 88' lang='lat' dir='ltr'><strong>iratus</strong></span> <span class='ocrx_word' id='word_1_245' title='bbox 201 3255 235 3314; x_wconf 91' lang='lat' dir='ltr'><strong>iu</strong></span> <span class='ocrx_word' id='word_1_246' title='bbox 269 3269 383 3312; x_wconf 87' lang='lat' dir='ltr'><strong>scaena</strong></span> <span class='ocrx_word' id='word_1_247' title='bbox 406 3251 591 3331; x_wconf 86' lang='lat' dir='ltr'><strong>relinquitur</strong></span> <span class='ocrx_word' id='word_1_248' title='bbox 622 3253 666 3334; x_wconf 88' lang='lat' dir='ltr'><strong>(ll,</strong></span> <span class='ocrx_word' id='word_1_249' title='bbox 693 3252 737 3333; x_wconf 88' lang='lat'><strong>8).</strong></span> <span class='ocrx_word' id='word_1_250' title='bbox 778 3253 833 3314; x_wconf 89' lang='lat' dir='ltr'><strong>llic</strong></span> <span class='ocrx_word' id='word_1_251' title='bbox 860 3251 1019 3314; x_wconf 87' lang='lat' dir='ltr'><strong>secundus</strong></span> <span class='ocrx_word' id='word_1_252' title='bbox 1049 3262 1135 3314; x_wconf 89' lang='lat' dir='ltr'><strong>actus</strong></span> <span class='ocrx_word' id='word_1_253' title='bbox 1163 3253 1244 3314; x_wconf 89' lang='lat' dir='ltr'><strong>liniri</strong></span> 
     </span>
     <span class='ocr_line' id='line_1_29' title="bbox 78 3353 1244 3434; baseline -0.004 -16"><span class='ocrx_word' id='word_1_254' title='bbox 78 3365 185 3434; x_wconf 87' lang='lat' dir='ltr'><strong>potest,</strong></span> <span class='ocrx_word' id='word_1_255' title='bbox 213 3354 275 3418; x_wconf 88' lang='lat' dir='ltr'><strong>eed</strong></span> <span class='ocrx_word' id='word_1_256' title='bbox 297 3355 508 3418; x_wconf 86' lang='lat' dir='ltr'><strong>necessarium</strong></span> <span class='ocrx_word' id='word_1_257' title='bbox 531 3372 593 3416; x_wconf 90' lang='lat' dir='ltr'><strong>nou</strong></span> <span class='ocrx_word' id='word_1_258' title='bbox 609 3362 670 3416; x_wconf 87' lang='lat' dir='ltr'><strong>est:</strong></span> <span class='ocrx_word' id='word_1_259' title='bbox 699 3371 770 3414; x_wconf 86' lang='lat' dir='ltr'><strong>nam</strong></span> <span class='ocrx_word' id='word_1_260' title='bbox 786 3353 894 3416; x_wconf 90' lang='lat' dir='ltr'><strong>eodem</strong></span> <span class='ocrx_word' id='word_1_261' title='bbox 909 3365 1057 3434; x_wconf 87' lang='lat' dir='ltr'><strong>tempore,</strong></span> <span class='ocrx_word' id='word_1_262' title='bbox 1076 3372 1138 3432; x_wconf 92' lang='lat' dir='ltr'><strong>quo</strong></span> <span class='ocrx_word' id='word_1_263' title='bbox 1154 3354 1244 3415; x_wconf 81' lang='lat' dir='ltr'><strong>Stra-</strong></span> 
     </span>
     <span class='ocr_line' id='line_1_30' title="bbox 79 3455 1243 3538; baseline -0.002 -20"><span class='ocrx_word' id='word_1_264' title='bbox 79 3460 227 3538; x_wconf 87' lang='lat' dir='ltr'><strong>tophanes</strong></span> <span class='ocrx_word' id='word_1_265' title='bbox 251 3473 400 3518; x_wconf 87' lang='lat' dir='ltr'><strong>scaenam</strong></span> <span class='ocrx_word' id='word_1_266' title='bbox 424 3458 579 3536; x_wconf 86' lang='lat' dir='ltr'><strong>relinquit,</strong></span> <span class='ocrx_word' id='word_1_267' title='bbox 613 3455 745 3518; x_wconf 85' lang='lat' dir='ltr'><strong>Strabax</strong></span> <span class='ocrx_word' id='word_1_268' title='bbox 768 3473 841 3518; x_wconf 90' lang='lat' dir='ltr'><strong>rure</strong></span> <span class='ocrx_word' id='word_1_269' title='bbox 862 3459 894 3518; x_wconf 91' lang='lat' dir='ltr'><strong>in</strong></span> <span class='ocrx_word' id='word_1_270' title='bbox 917 3456 1028 3518; x_wconf 91' lang='lat' dir='ltr'><strong>urbem</strong></span> <span class='ocrx_word' id='word_1_271' title='bbox 1052 3457 1137 3516; x_wconf 92' lang='lat' dir='ltr'><strong>uenit</strong></span> <span class='ocrx_word' id='word_1_272' title='bbox 1158 3465 1189 3516; x_wconf 90' lang='lat' dir='ltr'><strong>et</strong></span> <span class='ocrx_word' id='word_1_273' title='bbox 1211 3457 1243 3516; x_wconf 94' lang='lat' dir='ltr'><strong>in</strong></span> 
     </span>
     <span class='ocr_line' id='line_1_31' title="bbox 78 3557 1244 3638; baseline -0.003 -16"><span class='ocrx_word' id='word_1_274' title='bbox 78 3560 202 3624; x_wconf 89' lang='lat' dir='ltr'><strong>domurn</strong></span> <span class='ocrx_word' id='word_1_275' title='bbox 227 3559 437 3622; x_wconf 89' lang='lat' dir='ltr'><strong>meretriciam</strong></span> <span class='ocrx_word' id='word_1_276' title='bbox 459 3578 493 3622; x_wconf 87' lang='lat' dir='ltr'><strong>se</strong></span> <span class='ocrx_word' id='word_1_277' title='bbox 516 3557 634 3622; x_wconf 77' lang='lat' dir='ltr'><strong>confert</strong></span> <span class='ocrx_word' id='word_1_278' title='bbox 661 3558 718 3638; x_wconf 81' lang='grc' dir='ltr'>(ΙΙΙ,</span> <span class='ocrx_word' id='word_1_279' title='bbox 741 3560 783 3635; x_wconf 81' lang='grc' dir='ltr'><strong>Ι).</strong></span> <span class='ocrx_word' id='word_1_280' title='bbox 825 3558 1024 3638; x_wconf 81' lang='lat' dir='ltr'><strong>Astaphium,</strong></span> <span class='ocrx_word' id='word_1_281' title='bbox 1059 3576 1140 3637; x_wconf 92' lang='lat' dir='ltr'><strong>quae</strong></span> <span class='ocrx_word' id='word_1_282' title='bbox 1163 3557 1244 3619; x_wconf 82' lang='lat' dir='ltr'><strong>iores</strong></span> 
     </span>
     <span class='ocr_line' id='line_1_32' title="bbox 79 3659 1244 3743; baseline -0.003 -21"><span class='ocrx_word' id='word_1_283' title='bbox 79 3674 254 3743; x_wconf 84' lang='lat' dir='ltr'><strong>aperuerat,</strong></span> <span class='ocrx_word' id='word_1_284' title='bbox 284 3663 318 3724; x_wconf 94' lang='lat' dir='ltr'><strong>in</strong></span> <span class='ocrx_word' id='word_1_285' title='bbox 340 3681 450 3724; x_wconf 85' lang='lat' dir='ltr'><strong>scaeua</strong></span> <span class='ocrx_word' id='word_1_286' title='bbox 466 3671 606 3723; x_wconf 89' lang='lat' dir='ltr'><strong>remanet</strong></span> <span class='ocrx_word' id='word_1_287' title='bbox 627 3672 658 3722; x_wconf 93' lang='lat' dir='ltr'><strong>et</strong></span> <span class='ocrx_word' id='word_1_288' title='bbox 680 3679 780 3739; x_wconf 86' lang='lat' dir='ltr'><strong>seruo,</strong></span> <span class='ocrx_word' id='word_1_289' title='bbox 807 3665 861 3742; x_wconf 93' lang='lat' dir='ltr'><strong>qui</strong></span> <span class='ocrx_word' id='word_1_290' title='bbox 877 3670 1004 3742; x_wconf 88' lang='lat' dir='ltr'><strong>repente</strong></span> <span class='ocrx_word' id='word_1_291' title='bbox 1020 3659 1157 3736; x_wconf 86' lang='lat' dir='ltr'><strong>pristinis</strong></span> <span class='ocrx_word' id='word_1_292' title='bbox 1172 3679 1244 3720; x_wconf 91' lang='lat' dir='ltr'><strong>mo-</strong></span> 
     </span>
    </p>
   </div>
   <div class='ocr_carea' id='block_1_5' title="bbox 77 3760 1353 4260">
    <p class='ocr_par' dir='ltr' id='par_1_5' title="bbox 77 3760 1353 4260">
     <span class='ocr_line' id='line_1_33' title="bbox 77 3760 1240 3844; baseline -0.003 -16"><span class='ocrx_word' id='word_1_293' title='bbox 77 3767 162 3830; x_wconf 90' lang='lat' dir='ltr'><strong>ribus</strong></span> <span class='ocrx_word' id='word_1_294' title='bbox 178 3766 313 3828; x_wconf 84' lang='lat' dir='ltr'><strong>abiectis</strong></span> <span class='ocrx_word' id='word_1_295' title='bbox 330 3783 397 3826; x_wconf 90' lang='lat' dir='ltr'><strong>earn</strong></span> <span class='ocrx_word' id='word_1_296' title='bbox 414 3765 566 3844; x_wconf 82' lang='lat' dir='ltr'><strong>sequitur,</strong></span> <span class='ocrx_word' id='word_1_297' title='bbox 585 3773 620 3824; x_wconf 92' lang='lat' dir='ltr'><strong>ut</strong></span> <span class='ocrx_word' id='word_1_298' title='bbox 633 3783 738 3825; x_wconf 88' lang='lat' dir='ltr'><strong>secum</strong></span> <span class='ocrx_word' id='word_1_299' title='bbox 755 3763 900 3840; x_wconf 88' lang='lat' dir='ltr'><strong>adcubet,</strong></span> <span class='ocrx_word' id='word_1_300' title='bbox 926 3761 1095 3842; x_wconf 84' lang='lat' dir='ltr'><strong>persuadet</strong></span> <span class='ocrx_word' id='word_1_301' title='bbox 1113 3760 1171 3842; x_wconf 83' lang='lat' dir='ltr'><strong>(ill,</strong></span> <span class='ocrx_word' id='word_1_302' title='bbox 1195 3761 1240 3843; x_wconf 74' lang='lat'><strong>2).</strong></span> 
     </span>
     <span class='ocr_line' id='line_1_34' title="bbox 78 3864 1245 3950; baseline -0.004 -18"><span class='ocrx_word' id='word_1_303' title='bbox 78 3871 140 3942; x_wconf 89' lang='lat' dir='ltr'><strong>Qua</strong></span> <span class='ocrx_word' id='word_1_304' title='bbox 164 3887 284 3935; x_wconf 83' lang='lat' dir='ltr'><strong>scaena</strong></span> <span class='ocrx_word' id='word_1_305' title='bbox 300 3869 410 3932; x_wconf 83' lang='lat' dir='ltr'><strong>tertius</strong></span> <span class='ocrx_word' id='word_1_306' title='bbox 430 3867 492 3950; x_wconf 87' lang='lat' dir='ltr'><strong>(uel</strong></span> <span class='ocrx_word' id='word_1_307' title='bbox 508 3865 675 3944; x_wconf 69' lang='lat' dir='ltr'><strong>secundus)</strong></span> <span class='ocrx_word' id='word_1_308' title='bbox 695 3876 784 3928; x_wconf 90' lang='lat' dir='ltr'><strong>aetus</strong></span> <span class='ocrx_word' id='word_1_309' title='bbox 804 3864 926 3940; x_wconf 81' lang='lat' dir='ltr'><strong>finitur3</strong></span> <span class='ocrx_word' id='word_1_310' title='bbox 953 3864 1144 3944; x_wconf 88' lang='lat' dir='ltr'><strong>insequentis</strong></span> <span class='ocrx_word' id='word_1_311' title='bbox 1159 3865 1245 3928; x_wconf 90' lang='lat' dir='ltr'><strong>initio</strong></span> 
     </span>
     <span class='ocr_line' id='line_1_35' title="bbox 77 3965 1245 4050; baseline -0.003 -18"><span class='ocrx_word' id='word_1_312' title='bbox 77 3972 263 4034; x_wconf 84' lang='lat' dir='ltr'><strong>Diniarcbus</strong></span> <span class='ocrx_word' id='word_1_313' title='bbox 293 3969 397 4050; x_wconf 91' lang='lat' dir='ltr'><strong>prodit</strong></span> <span class='ocrx_word' id='word_1_314' title='bbox 424 3988 546 4032; x_wconf 89' lang='lat' dir='ltr'><strong>summo</strong></span> <span class='ocrx_word' id='word_1_315' title='bbox 575 3969 687 4048; x_wconf 90' lang='lat' dir='ltr'><strong>gaudio</strong></span> <span class='ocrx_word' id='word_1_316' title='bbox 717 3968 833 4046; x_wconf 90' lang='lat' dir='ltr'><strong>elatus,</strong></span> <span class='ocrx_word' id='word_1_317' title='bbox 867 3965 952 4048; x_wconf 92' lang='lat' dir='ltr'><strong>quod</strong></span> <span class='ocrx_word' id='word_1_318' title='bbox 982 3986 1039 4029; x_wconf 90' lang='lat' dir='ltr'><strong>sua</strong></span> <span class='ocrx_word' id='word_1_319' title='bbox 1067 3985 1196 4029; x_wconf 92' lang='lat' dir='ltr'><strong>munera</strong></span> <span class='ocrx_word' id='word_1_320' title='bbox 1227 3987 1245 4028; x_wconf 95' lang='lat' dir='ltr'><strong>a</strong></span> 
     </span>
     <span class='ocr_line' id='line_1_36' title="bbox 78 4067 1353 4154; baseline -0.005 -18"><span class='ocrx_word' id='word_1_321' title='bbox 78 4079 239 4139; x_wconf 87' lang='lat' dir='ltr'><strong>meretrice</strong></span> <span class='ocrx_word' id='word_1_322' title='bbox 264 4073 400 4134; x_wconf 90' lang='lat' dir='ltr'><strong>libenter</strong></span> <span class='ocrx_word' id='word_1_323' title='bbox 421 4082 558 4154; x_wconf 88' lang='lat' dir='ltr'><strong>accepta,</strong></span> <span class='ocrx_word' id='word_1_324' title='bbox 585 4073 690 4134; x_wconf 91' lang='lat' dir='ltr'><strong>militis</strong></span> <span class='ocrx_word' id='word_1_325' title='bbox 712 4072 849 4152; x_wconf 89' lang='lat' dir='ltr'><strong>neglecta</strong></span> <span class='ocrx_word' id='word_1_326' title='bbox 872 4072 936 4132; x_wconf 88' lang='lat' dir='ltr'><strong>sint</strong></span> <span class='ocrx_word' id='word_1_327' title='bbox 963 4069 1020 4150; x_wconf 78' lang='lat' dir='ltr'><strong>(lv,</strong></span> <span class='ocrx_word' id='word_1_328' title='bbox 1049 4067 1093 4152; x_wconf 85' lang='lat' dir='ltr'><strong>l).</strong></span> <span class='ocrx_word' id='word_1_329' title='bbox 1130 4068 1193 4132; x_wconf 87' lang='lat' dir='ltr'><strong>Sed</strong></span> <span class='ocrx_word' id='word_1_330' title='bbox 1208 4088 1244 4130; x_wconf 92' lang='lat' dir='ltr'><strong>eo</strong></span> <span class='ocrx_word' id='word_1_331' title='bbox 1351 4109 1353 4114; x_wconf 91' lang='lat'>-</span> 
     </span>
     <span class='ocr_line' id='line_1_37' title="bbox 77 4169 1244 4260; baseline -0.005 -22"><span class='ocrx_word' id='word_1_332' title='bbox 77 4181 172 4260; x_wconf 89' lang='lat' dir='ltr'><strong>magis</strong></span> <span class='ocrx_word' id='word_1_333' title='bbox 196 4177 407 4257; x_wconf 90' lang='lat' dir='ltr'><strong>obstupescit,</strong></span> <span class='ocrx_word' id='word_1_334' title='bbox 433 4171 517 4256; x_wconf 91' lang='lat' dir='ltr'><strong>quod</strong></span> <span class='ocrx_word' id='word_1_335' title='bbox 540 4193 610 4235; x_wconf 91' lang='lat' dir='ltr'><strong>curn</strong></span> <span class='ocrx_word' id='word_1_336' title='bbox 633 4176 746 4236; x_wconf 92' lang='lat' dir='ltr'><strong>iterum</strong></span> <span class='ocrx_word' id='word_1_337' title='bbox 770 4175 883 4236; x_wconf 88' lang='lat' dir='ltr'><strong>intrare</strong></span> <span class='ocrx_word' id='word_1_338' title='bbox 906 4175 1018 4254; x_wconf 88' lang='lat' dir='ltr'><strong>cupiat,</strong></span> <span class='ocrx_word' id='word_1_339' title='bbox 1044 4170 1086 4234; x_wconf 89' lang='lat' dir='ltr'><strong>ab</strong></span> <span class='ocrx_word' id='word_1_340' title='bbox 1097 4169 1244 4252; x_wconf 81' lang='lat' dir='ltr'><strong>Astaphic</strong></span> 
     </span>
    </p>
   </div>
   <div class='ocr_carea' id='block_1_6' title="bbox 0 0 1568 5028">
    <p class='ocr_par' dir='ltr' id='par_1_6' title="bbox 0 0 1568 5028">
     <span class='ocr_line' id='line_1_38' title="bbox 0 0 1568 5028; baseline 0 1"><span class='ocrx_word' id='word_1_341' title='bbox 0 0 1568 5028; x_wconf 95' lang='lat' dir='ltr'><strong> </strong></span> 
     </span>
    </p>
   </div>
  </div>
 </body>
</html>
