3116 5020
305 439 348 500 Dr
372 440 500 502 Srnrnn
524 441 803 502 lnrrnaooarronvn
826 439 1026 512 Orurornaru.
1187 437 1248 498 241

87 611 204 674 toribus
233 613 368 691 optimae
397 611 506 674 aetatis
537 609 682 692 deinceps
713 611 968 674 obseruabontur.
1016 608 1134 672 Eodem
1165 610 1249 670 enim

30 775 40 795 ‚
87 713 175 776 modo
197 723 292 795 atque
316 716 431 777 inillis
454 714 754 795 interrogationibuS‚
781 734 861 795 quae
877 734 916 777 ex
933 714 1074 794 negatiuo
1092 714 1251 774 enuntiato

85 819 231 896 primario
253 818 405 899 pendent,
432 819 592 880 enuntiato
614 817 798 880 secundario
814 853 852 864 —
866 816 951 898 quod
973 817 1085 879 obiecti
1108 813 1148 878 ad
1171 816 1248 892 dico,

86 925 143 983 scio
154 931 211 984 etc.
226 923 385 985 enuntiata
397 923 542 1002 primaria
555 920 721 1003 supplendi
737 923 805 984 uice
821 920 959 1002 iungitur
977 956 1014 966 —
1031 939 1104 981 uera
1121 927 1251 980 senten-

86 1026 125 1085 tia
149 1027 241 1105 quasi
263 1024 546 1088 circumscribendo
569 1026 767 1106 exprimitur,
794 1035 887 1105 atque
909 1043 963 1111 ea,
990 1043 1071 1105 quae
1092 1024 1251 1086 enuntiato

86 1127 270 1198 secundario
293 1130 500 1209 continentur,
527 1130 585 1200 etsi
607 1148 670 1213 non
692 1130 881 1207 nesciuntur,
908 1137 1012 1190 tamon
1027 1147 1089 1189 non
1111 1126 1252 1188 absolute

85 1231 140 1293 sed
172 1240 330 1312 tamquam
362 1253 401 1294 ex
429 1234 498 1294 eius
527 1233 582 1312 qui
609 1232 745 1313 loquitur
774 1232 953 1314 cogitatione
981 1231 1146 1312 pendentia
1174 1249 1251 1312 pro-

85 1336 280 1398 nuntiantur.

656 1438 683 1520 o

84 1571 87 1576 ·
157 1541 361 1602 Enuntiatum
384 1541 565 1621 primarium
587 1540 685 1602 uerbo
708 1539 976 1618 dicendi-simil.
1003 1538 1148 1602 efficitur:

86 1649 152 1703 Ter.
180 1648 236 1704 Ad.
265 1653 324 1706 429
353 1644 411 1726 (ΙΙΙ,
440 1653 468 1718 3,
496 1645 547 1726 75)
582 1651 722 1723 Inspicere
754 1647 835 1706 iubeo
870 1657 896 1705 ct
917 1665 1036 1718 moneo,
1075 1649 1144 1719 quid
1172 1649 1250 1722 sacto

657 1769 726 1808 caca
749 1754 795 1808 sit.

14 1881 15 1888 .
87 1855 126 1909 Pl.
153 1852 261 1925 Amph.
288 1855 361 1925 prol.
392 1859 450 1911 135
475 1854 516 1910 itt·
542 1871 618 1911 acac
644 1871 722 1912 mour
748 1862 831 1928 poter
859 1855 1007 1923 Memorat,
1049 1855 1168 1926 tepiones
1197 1856 1251 1911 tro-

655 1961 739 2015 atiom
760 1967 793 2014 ut
808 1959 960 2029 iugauerit,
1218 1947 1219 1952 ¹

581 2059 644 2130 Quo
664 2070 749 2135 pacto
766 2063 846 2119 donia
869 2063 906 2118 sit
927 2062 1048 2119 docatus
1067 2062 1219 2135 plurumis.

150 2163 227 2219 itud.
257 2165 315 2221 118
344 2161 389 2236 (ΙΙ,
418 2168 447 2230 5,
469 2156 518 2240 21)
582 2164 656 2221 Nam
693 2165 760 2221 tace
806 2167 972 2224 littoratoat:
1020 2181 1102 2238 copae
1143 2171 1248 2232 cantat,

656 2269 743 2339 quoia
765 2270 811 2326 sit.
1011 2343 1013 2348 Ι

84 2371 152 2425 Ter.
173 2370 243 2425 Hec.
265 2373 325 2426 516
347 2361 417 2446 (ΙΙΙΙ,
447 2375 475 2438 1,
504 2368 552 2442 31)
581 2369 614 2425 ld
638 2385 715 2427 nunc
743 2389 787 2427 res
815 2371 951 2428 indicium
979 2371 1047 2428 hoec
1075 2371 1162 2445 facit,
1193 2375 1273 2442 quo·

658 2482 742 2544 pacto
763 2475 873 2548 [actum
895 2475 1033 2532 uolueris.

84 2576 126 2630 Pl.
154 2576 231 2632 nun.
261 2579 314 2632 131
349 2574 394 2648 (ΙΙ,
424 2578 452 2644 Ι,
482 2577 530 2650 15)
583 2575 711 2650 Sapienti
734 2586 866 2648 ornetur,
892 2579 962 2648 quid
984 2579 1086 2647 uelim,
1118 2579 1252 2634 indicium

657 2679 738 2752 facit.

152 2779 229 2837 Rud.
259 2785 317 2839 132
348 2759 393 2857 (ΙΙ,
424 2785 451 2851 Ι,
481 2777 529 2860 16)
581 2783 660 2839 Meua
683 2801 794 2856 quoquc
817 2785 860 2840 hio
881 2786 1003 2858 sapienti
1025 2793 1158 2852 ornatus,
1184 2783 1251 2855 quid

660 2886 757 2956 uelim,
783 2888 920 2943 indicium
941 2889 1021 2960 facit.

83 2986 170 3043 Pubi.
200 2987 291 3058 Syrus
317 2991 366 3044 42.
393 2986 520 3044 Amicum
543 3004 579 3043 an
601 3005 705 3047 nomen
727 2989 846 3060 habeas,
872 2991 964 3061 aperit
987 2991 1143 3047 catamitae.

84 3090 194 3146 Accius
215 3085 309 3166 (nino.
328 3091 412 3160 Trag.
435 3093 506 3159 tra,
528 3085 597 3168 274)
625 3092 661 3148 Et
675 3094 767 3163 qualis
783 3093 879 3164 suerit,
897 3096 976 3167 [cmc
999 3092 1175 3150 celebrescat
1191 3103 1250 3150 tuo.

83 3194 154 3249 Ter.
182 3191 273 3248 Andr.
302 3196 356 3249 811
390 3191 461 3266 (ΙΙΙΙ,
489 3197 518 3262 5,
549 3187 596 3271 16)
628 3197 902 3268 .....quamid
920 3199 992 3252 miti
1015 3199 1051 3254 sit
1064 3198 1150 3271 [acite
1171 3205 1255 3269 utque
1310 3214 1311 3217 ¹

659 3300 736 3366 utile,

569 3400 708 3478 ,niumm
730 3403 859 3476 camapio
881 3409 1074 3459 commonent.

83 3505 157 3560 Cato
183 3502 220 3557 de
245 3518 268 3558 r.
295 3517 320 3557 r.
347 3499 432 3558 CXVI
455 3503 563 3558 Lentim
585 3506 731 3575 quomodo
753 3507 864 3562 secari
885 3511 1027 3575 oporteat.

82 3609 157 3662 Cato
183 3605 221 3660 de
244 3621 269 3659 r.
295 3621 321 3659 r.
347 3604 403 3659 XX
427 3605 576 3679 Tropctum
599 3608 746 3678 quomodo
770 3609 940 3664 concinnare
962 3614 1104 3678 oporteat.

83 3712 158 3766 Cato
186 3708 222 3764 de
245 3725 271 3762 r.
297 3724 322 3762 r.
349 3708 492 3766 CXXXVI
514 3710 682 3767 Potitioncm
704 3727 762 3783 quo
785 3718 870 3782 pacto
893 3711 957 3767 dori
979 3717 1122 3781 oporteat.

82 3816 158 3870 Cato
185 3812 222 3866 de
244 3828 269 3866 r.
296 3827 322 3866 r.
348 3812 462 3867 CXLIX
483 3811 547 3882 Qua
571 3815 627 3886 iope
647 3813 784 3888 pabulum
800 3814 946 3870 hibernum
961 3816 1059 3872 centro
1080 3810 1250 3885 oporteat.¹)

83 3918 126 3973 Pl.
155 3916 248 3971 Mero.
277 3917 336 3971 940
366 3909 408 3992 (V,
438 3910 544 3993 2,·99)
587 3918 659 3988 dico,
684 3918 753 3988 quid
777 3935 808 3974 co
832 3919 1010 3974 aduenerim.

86 4065 300 4077 ........-—-—--

161 4153 185 4212 1)
209 4153 237 4200 iu
258 4150 300 4201 his
319 4149 405 4201 titulis
422 4149 676 4202 Pseudocatonianis
694 4157 783 4203 mente
802 4154 981 4218 supplendum
1001 4159 1042 4206 est
1062 4155 1256 4220 ccpooitcruei

82 4239 178 4289 simile
197 4237 273 4302 quid.
444 4309 445 4312 Ἴ

137 4336 291 4390 Studemund‚
307 4335 399 4378 Studien
414 4338 432 4378 Ι.
1065 4347 1096 4393 ⁴6
