3176 5028
762 363 914 425 Arovsrvs
938 367 1042 424 Lvons.

409 540 461 600 llis
477 539 568 616 igitur
583 537 707 598 duabus
723 535 954 597 condicionibus
971 536 1063 595 ceteri
1081 543 1201 612 praeter
1214 535 1360 595 Senecam
1378 540 1500 612 poetae

322 644 354 702 in
375 639 456 724 pede
479 641 667 718 paenultimo
695 637 833 699 iambum
857 637 980 714 semper
1008 636 1218 698 admiserunt:
1246 635 1301 697 sed
1323 653 1500 715 nunquam

322 743 515 805 admiserunt
1087 795 1089 803 Α

365 841 368 848 “
420 843 421 848 ’
488 846 510 905 Ι.
537 845 562 904 si
585 842 719 906 uerbum
743 843 907 904 iambicum
932 844 1072 922 sequitur
1094 842 1226 904 uerbum
1249 842 1437 915 iambicum;

476 949 511 1006 ll.
537 947 563 1009 si
586 943 719 1007 uerbum
742 945 887 1009 creticum
910 946 961 1007 nel
984 947 1016 1005 in
1032 945 1178 1006 creticum
1211 944 1357 1006 desinens
1386 943 1497 1007 uerbo

528 1049 659 1111 iambico
682 1049 843 1128 excipitur,

324 1155 357 1216 id
379 1151 545 1233 quodiam
569 1151 808 1214 demonstraturi
832 1170 951 1213 sumna.
986 1147 1086 1229 Atque
1109 1151 1253 1229 quoniam
1277 1149 1498 1211 intelleximus

323 1266 429 1338 poetes
451 1254 526 1316 nihil
549 1255 685 1316 uoluisse
707 1255 856 1316 interesse
879 1255 960 1315 inter
980 1253 1116 1313 senarios
1137 1251 1231 1312 lamb.
1250 1261 1281 1312 et
1295 1253 1498 1334 septenarios

324 1341 419 1421 troob.
445 1367 477 1420 et
498 1359 667 1419 octonarios
690 1357 797 1434 iamb,
824 1373 873 1417 res
895 1358 962 1435 ipsa
985 1365 1129 1433 excuset,
1160 1355 1186 1415 si
1208 1355 1371 1417 breuitatis
1394 1375 1496 1417 causa

323 1461 442 1540 Singula
474 1479 621 1523 uersuum
652 1477 764 1538 genera
792 1479 852 1519 non
884 1475 1074 1537 separamus.
1115 1455 1299 1536 Priusquam
1327 1466 1432 1520 autem
1457 1459 1496 1518 in

322 1567 424 1644 ipsum
447 1563 587 1625 Plautum
610 1563 821 1643 inquiramus,
855 1581 954 1642 pauca
984 1561 1074 1622 liceat
1100 1561 1313 1641 praemittere,
1344 1573 1380 1624 ut
1402 1561 1497 1641 apud

321 1667 506 1748 posteriores
529 1683 653 1744 quoque
675 1673 780 1744 poetas
803 1684 911 1726 omnes
933 1665 989 1725 has
1005 1664 1087 1742 leges
1102 1664 1206 1724 ualere
1222 1662 1491 1726 demonstremus

323 1779 481 1830 eteorum
504 1777 683 1849 poetarum,
714 1787 845 1847 quorum
869 1776 1009 1848 poemata
1032 1767 1063 1827 in
1085 1767 1265 1845 anthologiis
1289 1768 1491 1847 colliguntur,

323 1891 394 1934 cum
417 1872 583 1932 maximam
606 1867 725 1950 partem
748 1879 832 1932 aetas
855 1889 917 1931 non
940 1870 1038 1950 possit
1059 1871 1232 1932 accuratius
1259 1869 1397 1948 definiri,
1433 1871 1495 1931 bos

323 1973 449 2054 quidem
471 1991 533 2033 non
550 1971 660 2034 'minus
683 1993 699 2033 a
723 1974 902 2052 quaestione
925 1981 1029 2034 nostra
1059 1971 1169 2033 abesse
1199 1973 1358 2051 existimo,
1391 1993 1493 2052 quam

322 2085 477 2136 auctorem
493 2073 645 2154 Peruigilii
661 2077 788 2136 Veneris
798 2075 838 2156 ¹),
866 2074 1094 2152 Terentianum,
1121 2075 1289 2152 Horatium,
1316 2076 1489 2153 Catullum,

324 2177 377 2257 qui
393 2179 576 2240 Graecorum
592 2178 727 2239 rationes
751 2179 849 2240 secuti
865 2187 948 2239 sunt.
985 2177 1029 2238 De
1045 2178 1188 2238 Varronis
1207 2186 1311 2239 autem
1327 2178 1495 2257 [raginon-

325 2282 374 2359 tis,
401 2271 481 2359 quae
503 2291 665 2360 propterea
688 2280 771 2362 leges
794 2289 915 2342 nostras
937 2299 1039 2360 neque
1061 2278 1241 2341 confirmare
1266 2299 1368 2360 neque
1391 2300 1494 2342 euer-

323 2393 387 2444 tere
409 2394 556 2464 possunt,
589 2382 673 2462 quod
701 2402 795 2464 saepe
826 2392 930 2444 utrum
953 2382 1090 2464 pedestri
1119 2401 1260 2444 sermone
1285 2401 1325 2444 an
1348 2385 1494 2444 numeris
1575 2397 1576 2434 l

323 2487 493 2566 conscripta
517 2489 580 2548 sint
601 2486 776 2566 ambigitur,
794 2496 861 2548 tum
886 2486 1011 2547 demum
1027 2485 1135 2546 licebit
1156 2486 1236 2546 lerre
1251 2485 1409 2564 iudicium,
1433 2485 1494 2547 ubi
1575 2495 1576 2514 ³

323 2599 425 2650 totam
440 2587 520 2650 hane
543 2590 753 2669 quaestionem
776 2587 1014 2651 absoluerimus.
1039 2623 1082 2634 -—

410 2693 455 2751 Ex
480 2693 609 2752 Procrin
632 2693 702 2761 Srni
725 2693 884 2754 sententiis
907 2710 961 2752 eas
983 2691 1064 2752 solas
1087 2691 1294 2771 respiciendae
1317 2710 1386 2754 esse
1409 2713 1493 2753 oon-

231 2845 233 2850 .
323 2804 394 2872 stat,
421 2814 500 2874 qnae
522 2796 598 2873 ipsis
620 2803 742 2874 praeter
764 2796 965 2880 Turicensem
990 2792 1147 2856 codicibus
1170 2804 1370 2856 consumatae
1393 2805 1489 2857 sunt:

323 2907 450 2974 ceteras,
469 2917 550 2976 quae
566 2898 731 2958 maximam
748 2907 867 2975 partem
883 2897 1019 2976 pedestri
1037 2915 1178 2958 sermone
1194 2899 1383 2977 conscriptae
1400 2908 1489 2976 sunt,

323 3000 462 3062 omittere
485 2999 605 3078 licebit,
643 3000 788 3079 quamuis
810 3019 849 3060 ex
872 3002 917 3060 eis
940 3019 1064 3080 quoque
1086 3000 1135 3060 hic
1157 2999 1218 3060 illic
1240 3001 1384 3062 uersiculi
1410 3020 1489 3080 pos·
1575 2985 1576 3012 ἢ

323 3105 385 3163 sint
406 3102 484 3178 elici,
511 3101 568 3163 sed
588 3103 642 3183 qui
666 3103 706 3164 ob
728 3104 813 3181 ipsos
835 3121 981 3165 numeros
1009 3103 1104 3181 magis
1121 3103 1338 3164 monachorum
1361 3114 1393 3165 et
1416 3123 1491 3164 rna-

324 3205 498 3283 gistrorum,
524 3223 618 3283 quam
634 3204 755 3265 Publilii
770 3222 863 3284 opera
878 3203 1031 3267 confectos
1047 3223 1116 3266 sese
1132 3205 1306 3267 ostendant.
1337 3206 1493 3268 Publilius
1575 3287 1576 3306 Χ

393 3463 415 3523 t)
436 3461 534 3512 Nescio
553 3463 643 3510 tamen
661 3475 695 3510 an
713 3475 784 3511 unus
803 3462 848 3511 ille
867 3475 975 3524 uersus,
995 3463 1041 3526 qui
1060 3463 1213 3512 secundum
1232 3463 1363 3513 librorum
1383 3478 1493 3514 merno-
1575 3491 1576 3548 ;

323 3547 391 3596 riam
410 3547 461 3610 legi
480 3549 587 3596 nostrae
607 3545 704 3606 obstat,
725 3548 900 3609 corrigendus
919 3549 966 3597 sit:

436 3646 463 3682 u.
486 3635 532 3680 89:
555 3625 610 3681 'lllo
628 3636 721 3692 comat,
742 3634 927 3683 obstaremus.
948 3635 1051 3694 quoodo
1069 3636 1119 3682 aar
1136 3637 1232 3683 uenti
1248 3636 1371 3684 meum?

322 3731 384 3766 nam
409 3730 472 3766 oum
496 3730 592 3768 uersus
618 3719 739 3781 proxime
764 3719 909 3781 insequens
934 3731 967 3767 ex
991 3719 1113 3767 uirorum
1139 3718 1280 3768 doctorum
1298 3720 1492 3770 emendatione
1575 3725 1576 3736 ¹

322 3802 395 3851 hunc
413 3803 440 3852 in
458 3803 570 3851 modum
589 3802 705 3865 legatur:
730 3803 837 3864 Qucum
852 3807 916 3866 flam
935 3807 982 3854 cert
993 3805 1116 3854 chelmon
1135 3807 1158 3854 ot
1170 3809 1256 3854 tacere
1268 3807 1392 3867 desinam,
1409 3821 1491 3857 nemo
1575 3853 1576 3878 ,

322 3887 464 3946 dubitabit,
485 3888 550 3951 quin
569 3891 650 3936 etiam
670 3890 696 3936 in
714 3888 760 3937 illo
778 3901 861 3938 uersu
879 3892 986 3953 tempus
1001 3889 1122 3939 loturum
1136 3890 1221 3939 multo
1234 3891 1270 3940 sit
1282 3893 1369 3954 aptius
1382 3895 1411 3940 et
1422 3905 1492 3942 con·
1575 3935 1576 3950 ,

322 3973 440 4034 ciamus,
460 3985 550 4035 quam,
572 3974 645 4042 qnod
658 3986 730 4022 nunc
742 3973 865 4036 legimus,
888 3987 1024 4038 praesens.
1058 3973 1209 4024 scribamus
1223 3976 1316 4038 igitur:
1340 4003 1369 4012 —
1385 3980 1491 4039 quoodo

323 4071 373 4108 uer
390 4060 475 4106 ueniet
492 4058 598 4106 meum?
622 4057 758 4120 dactylum
778 4063 869 4108 autem
888 4063 1029 4124 propterea
1050 4062 1077 4109 et
1095 4060 1278 4109 excusandum
1299 4066 1325 4112 et
1342 4063 1491 4114 admitten-
1575 4079 1576 4092 ¹

325 4143 390 4192 dum
410 4156 469 4192 esse
489 4143 622 4204 existimo,
642 4142 814 4206 quodetiam
833 4158 859 4194 u.
883 4149 913 4192 tu
934 4143 1027 4194 eadem
1047 4157 1142 4194 uersus
1162 4148 1237 4209 parte
1256 4149 1383 4196 occurrit.
