3176 5028
727 372 877 433 Avuvsrrs
901 373 1005 432 chus.

420 547 479 606 Nec
502 543 628 605 cadram
650 546 737 605 liceat
766 544 883 621 dicere,
914 561 1008 622 aeque
1037 542 1112 603 mtto·
1132 543 1299 622 quidquam
1322 540 1460 601 odactlt'

709 648 766 708 sid
773 654 783 706 t

419 751 456 808 la
479 752 548 826 ord,
581 768 675 829 aeque
698 750 858 828 qumquam
880 750 934 824 sit,
961 748 1035 828 qaia
1056 764 1101 806 me
1124 764 1223 810 outaes
1246 748 1308 807 dese
1331 747 1460 826 dicaam

709 851 858 928 deputent.

291 953 367 1011 Nam
390 954 421 1011 in
444 955 546 1031 priore
571 971 664 1013 uersu
687 954 713 1014 si
742 950 968 1032 uituperandus
997 959 1045 1011 est
1073 951 1190 1028 exitus,
1225 953 1256 1010 in
1283 951 1457 1030 posteriore

291 1063 412 1133 praetor
434 1053 605 1116 abiatiuum
629 1056 777 1117 omissum
801 1053 877 1115 illud
899 1071 1023 1132 quoque
1042 1052 1193 1132 displicet,
1219 1054 1303 1132 quod
1320 1053 1456 1132 legitima

292 1155 461 1218 dihaeresis
474 1157 678 1220 desideratur.
698 1157 833 1238 Apparet
845 1165 948 1217 autem
961 1155 1094 1218 dilucide
1104 1174 1278 1217 otuoesesse
1286 1156 1453 1235 glossema,

292 1257 483 1339 adscriptum
519 1260 560 1322 ad
594 1260 812 1340 explicandum
849 1277 1013 1320 numerum
1047 1258 1253 1337 pluratiuum:
1295 1259 1457 1338 quisquam

292 1364 330 1422 st't
352 1364 424 1442 quia
447 1362 621 1442 deputant,
651 1362 691 1424 de
713 1382 774 1442 qua
798 1363 1023 1423 constructione
1047 1361 1151 1422 confer
1173 1361 1257 1440 quod
1279 1359 1456 1421 adnotaue-

295 1476 367 1525 ruut
390 1465 545 1526 Bentleius
573 1472 604 1524 et
627 1466 830 1526 Ruhnkenius
852 1464 892 1526 ad
915 1465 994 1525 Eun.
1022 1465 1098 1543 proi.
1129 1466 1162 1538 t;
1196 1473 1226 1523 et
1254 1465 1312 1524 hoc
1334 1463 1456 1542 glosse-

295 1576 376 1625 mate
399 1564 557 1628 abiatiuus·
578 1567 627 1627 iile
643 1569 793 1648 expulsus
816 1587 885 1630 esse
901 1567 1034 1629 uidetur.
1077 1568 1183 1645 itaque
1205 1565 1281 1627 haec
1295 1566 1360 1628 iere
1384 1567 1455 1626 olim

292 1668 389 1729 fuisse
411 1679 558 1746 possunt:

422 1774 483 1832 Nec
506 1770 630 1834 arideum
654 1773 743 1832 liccat
765 1772 878 1850 dicere,
912 1791 1006 1851 aeque
1035 1774 1064 1832 iu
1089 1774 1139 1832 e'ro
1162 1774 1325 1853 quicquum
1354 1775 1393 1834 sit
1414 1777 1457 1834 mt'

711 1872 822 1950 adciti,

423 1978 483 2036 Nec
499 1978 658 2056 qaisquam
674 1977 721 2054 sit,
749 1978 821 2057 quia
844 1980 891 2038 md
910 1971 1006 2061 (moto
1030 1973 1185 2062 eructato>
1209 1978 1333 2058 danaum
1356 1980 1454 2060 depu-

304 2133 308 2138 .
711 2085 781 2139 deut.

295 2183 338 2241 De
367 2179 446 2240 molo
477 2182 618 2240 eructata
645 2181 754 2260 diquus
783 2180 821 2240 ci.
854 2181 961 2240 Bacch.
997 2182 1088 2258 4055,
1128 2183 1215 2262 (molo
1242 2183 1351 2263 dianus
1383 2186 1450 2244 Hec.

296 2283 388 2362 275);
422 2281 461 2343 de
490 2284 602 2344 omisso
633 2301 694 2344 csse
722 2284 874 2344 infinitiuo
898 2284 1005 2344 Heaut.
1042 2284 1116 2344 435:
1154 2286 1234 2345 Molo
1264 2286 1383 2366 quidem
1410 2305 1454 2345 mc

294 2388 400 2466 quotus
425 2385 549 2464 dt'qaum
572 2385 717 2464 deputem,
745 2387 779 2445 Si
801 2387 832 2446 id
852 2386 975 2466 (daiam.
1003 2421 1044 2430 —

380 2487 465 2548 Asin.
493 2489 531 2546 di
557 2505 604 2565 sq.
631 2488 846 2550 Fleckeiseuus
869 2488 981 2550 edidit:

427 2591 535 2650 Omade
554 2598 706 2669 parentes,
735 2591 857 2666 Libone,
885 2592 1021 2652 liberis
1043 2594 1136 2668 sats,

425 2693 485 2767 Oai
505 2693 547 2752 mi
569 2691 792 2768 auscultabunt,
819 2693 933 2772 [detaut
955 2692 1186 2773 obsequentiam.

292 2796 332 2856 At
353 2813 423 2855 cum
447 2795 478 2854 in
502 2794 669 2872 posteriore
692 2814 789 2856 uersu
817 2814 879 2855 non
902 2795 1123 2874 obsequentiam
1147 2795 1294 2856 traditum
1318 2797 1373 2872 sit,
1400 2795 1451 2856 sed

292 2899 499 2977 obsequellam,
519 2906 550 2956 et
565 2898 757 2957 enuntiatum
774 2898 949 2974 relatiuam,
965 2907 1000 2958 ut
1015 2917 1100 2958 nuno
1116 2899 1369 2958 suntsenteutiae
1384 2897 1451 2958 dis-

293 3000 421 3076 positae,
448 3001 544 3077 magis
561 2997 600 3059 ad
621 2998 734 3060 liberos
750 3019 843 3078 quam
867 2999 1072 3080 adparentes
1095 2999 1292 3062 referendum
1316 3001 1367 3076 sit,
1393 2999 1451 3060 ad-

295 3102 418 3162 modum
450 3113 498 3160 est
530 3102 597 3162 ueri
628 3101 729 3160 simile
766 3121 878 3162 uersus
913 3103 1005 3181 tales,
1046 3103 1154 3180 quales
1189 3122 1274 3163 nunc
1309 3102 1448 3180 legimus,

295 3205 418 3264 omuino
441 3223 503 3264 non
525 3203 665 3263 aPiauto
685 3205 868 3283 compositos
891 3224 969 3265 esse.
1011 3206 1049 3264 Et
1072 3206 1209 3266 numeris
1233 3213 1264 3264 et
1285 3206 1452 3266 sententiae

296 3307 378 3367 huuc
393 3306 456 3366 iere
480 3308 511 3366 in
531 3305 658 3367 modum
681 3307 777 3387 possit
799 3294 954 3370 succurri:
1138 3305 1142 3314 “
1243 3309 1244 3312 ’

427 3407 533 3469 Omnes
554 3417 706 3488 peractoc,
733 3412 838 3490 quiqui
859 3409 1075 3471 auscultabunt
1097 3409 1179 3486 uuiti,

426 3512 497 3571 Sao
520 3511 716 3591 obsequellam
737 3509 860 3588 foeteat,
890 3511 1011 3588 Libone,
1039 3512 1151 3572 tiberis.
1180 3546 1218 3556 —

271 3695 273 3699 ,
381 3614 467 3693 Gapt.
495 3611 557 3672 807
581 3613 665 3693 apud
688 3633 794 3674 omues
817 3616 861 3674 sic
883 3622 931 3674 est
951 3613 1070 3674 editus:

426 3713 497 3774 Tdm
519 3717 646 3794 pistores
668 3718 855 3794 scrdfiposci,
882 3719 935 3796 qut
958 3716 1044 3776 uiuat
1064 3714 1157 3794 stirs
1160 3735 1181 3774 u
1190 3717 1225 3774 ri
1248 3717 1318 3776 aad
1325 3733 1349 3775 s.

296 3817 400 3878 Codex
424 3819 446 3875 B
468 3815 597 3895 praebet
618 3818 752 3897 sarsore.
799 3816 953 3878 Audacter
975 3816 1175 3879 scribendum
1199 3826 1246 3878 est
1266 3815 1450 3897 furfuribus.

297 3920 491 3996 Quamquam
514 3921 597 3978 enim
622 3931 652 3979 et
674 3921 706 3980 in
728 3920 834 3980 lexicis
857 3931 888 3980 et
917 3922 948 3980 in
976 3921 1222 3982 institutionibus
1251 3919 1453 3999 grammaticis

298 4022 427 4098 legimus
452 4020 566 4097 ,iuriur
581 4048 623 4074 =
638 4023 742 4094 kleie‘,
769 4031 871 4084 tamen
894 4023 970 4084 haec
993 4023 1190 4101 significatio,
1224 4021 1308 4101 quod
1330 4021 1453 4101 quidem

297 4142 352 4202 ego
374 4125 559 4202 inuestigare
582 4125 751 4202 potuerim,
783 4125 867 4202 apud
897 4145 1003 4185 omues
1032 4127 1196 4204 scriptores
1219 4127 1374 4185 Romanos
1396 4143 1454 4185 uuo
1561 4117 1562 4138 ³
