3126 5028
538 1293 804 1376 manuario.

611 1487 728 1498 ι--ι-ηο-ι-

171 1649 280 1746 Quam
315 1683 471 1761 sapienter
492 1681 696 1742 Athenienses
730 1686 868 1761 Lycurgo
901 1689 1025 1742 auctore
1057 1681 1251 1744 decreuerint

87 1784 265 1845 tabularum
289 1785 329 1844 ab
351 1787 474 1864 optimis
496 1787 596 1865 poetis
618 1788 854 1863 compositarum
878 1787 1019 1863 exempla
1043 1785 1166 1864 publice
1189 1785 1250 1847 ad-

88 1887 240 1948 seruanda
265 1906 344 1965 esse,
370 1897 435 1948 tum
452 1887 578 1949 demum
595 1889 717 1966 plenius
731 1889 945 1967 perspicietur,
972 1889 1026 1949 ubi
1042 1888 1249 1949 condicionem

86 1989 274 2051 Graecarum
297 1991 473 2050 fabularum
489 2009 559 2051 curn
574 1991 720 2051 Plautinis
736 1992 968 2052 contulerimus,
998 1991 1150 2062 Quamuis
1166 1993 1248 2052 enim

85 2092 116 2152 in
137 2094 266 2154 Graecis
296 2112 420 2172 quoque
448 2095 498 2154 hio
527 2094 588 2153 illic
616 2093 752 2154 dubitari
782 2095 895 2171 possit,
931 2103 1035 2154 utrum
1058 2112 1186 2155 scaenas
1208 2093 1249 2154 ab

86 2197 160 2272 ipsis
188 2198 289 2274 poetis
317 2197 499 2273 compositas
528 2215 566 2256 an
598 2197 639 2256 ab
667 2198 719 2274 iis,
759 2198 812 2276 qui
842 2207 964 2257 ueteres
993 2196 1116 2257 fabulas
1147 2195 1250 2257 denuo

87 2297 258 2377 docuerint,
285 2300 371 2359 fictas
394 2309 465 2359 ante
487 2299 592 2359 oculos
614 2299 796 2377 babeamus
822 2308 925 2360 tamen
939 2300 1020 2358 inter
1042 2319 1149 2360 omnes
1171 2317 1249 2359 con-

87 2411 144 2460 stat
166 2420 261 2479 parce
284 2410 314 2460 et
329 2419 399 2461 raro
414 2401 686 2481 interpolatoribus
702 2403 873 2481 contigisse,
900 2413 936 2463 ut
950 2421 1024 2462 suos
1039 2421 1095 2481 pro
1111 2403 1250 2462 clarissi-

87 2523 203 2564 morum
228 2513 390 2582 poetarum
407 2505 553 2566 uersibus
569 2504 775 2566 uenditarent.
817 2507 916 2583 Longe
932 2505 1022 2565 allam
1037 2505 1249 2565 Plautinarum

86 2606 263 2667 fabularum
286 2607 493 2668 condicionem
517 2627 587 2667 esse
608 2619 750 2688 apparet,
782 2625 914 2686 quarum
945 2609 998 2669 vix
1027 2625 1089 2668 una
1113 2607 1249 2668 alteraue

85 2711 255 2770 maioribus
279 2709 578 2790 interpolationibus
604 2711 687 2771 nulla
713 2709 1113 2789 minoribusdittograpbiis
1129 2720 1245 2786 careat3

86 2813 176 2874 immo
205 2815 323 2892 optima
353 2833 496 2893 quaeque
524 2833 586 2892 quo
617 2816 713 2893 magis
742 2815 855 2893 populo
886 2815 1022 2874 llomano
1049 2813 1191 2891 placebat
1218 2822 1250 2872 et

84 2933 142 2993 quo
164 2919 294 2996 saepius
316 2914 502 2993 docebatur,
535 2935 571 2975 eo
599 2916 862 2995 frequentioribus
887 2927 919 2976 et
941 2933 1163 2994 saepenumero
1185 2916 1248 2975 ab-

83 3018 280 3080 surdissimis
302 3017 591 3099 interpolationibus
614 3017 732 3079 loedata
758 3027 814 3078 est.
856 3021 962 3098 ltaque
985 3018 1099 3079 iactum
1122 3027 1187 3095 est,
1214 3028 1250 3078 ut

82 3122 130 3181 alli
152 3122 243 3183 falsis
267 3121 450 3182 criminibus
473 3122 643 3200 elegantem
667 3131 698 3183 ct
720 3123 912 3201 ingeniosum
936 3133 1057 3201 poetam
1081 3121 1248 3183 insimula-

83 3233 156 3303 rent,
183 3227 235 3287 alii
260 3227 302 3287 ita
325 3234 522 3304 excusarent,
549 3233 584 3284 ut
606 3223 732 3284 difficile
754 3225 794 3284 sit
815 3224 856 3284 ad
871 3223 1116 3303 diiudicandum,
1142 3235 1248 3285 utrum

82 3345 149 3387 eum
184 3329 287 3408 magis
322 3327 518 3389 defenderint
551 3346 590 3388 an
621 3327 882 3407 uituperauerint,
923 3328 975 3388 alii
1008 3327 1248 3406 pulcherrimam

81 3448 238 3512 quamque
271 3431 408 3493 fabulam
430 3432 471 3492 ab
494 3449 530 3491 eo
553 3428 783 3507 abiudicarent,
818 3428 929 3490 iudicia
961 3428 1095 3508 denique
1124 3449 1140 3488 a
1171 3430 1248 3489 uiris

81 3529 175 3594 doctis
199 3533 242 3595 de
265 3535 363 3596 Plauti
386 3535 510 3614 ingenio
532 3534 593 3594 lata
616 3541 736 3594 tantum
759 3533 839 3592 inter
867 3550 901 3592 se
930 3531 1096 3609 distarent,
1130 3542 1166 3591 ut
1194 3533 1246 3591 uix

82 3633 120 3694 de
132 3635 245 3696 eodem
261 3646 350 3715 poeta
366 3621 451 3716 loqui
474 3635 665 3698 uiderentur.
699 3635 766 3706 Qua
789 3635 821 3694 in
845 3644 959 3696 retum
976 3634 1100 3695 demum
1124 3634 1247 3712 opinio-

81 3755 152 3798 num
183 3757 359 3800 consensus
387 3739 553 3817 efficietur,
586 3757 675 3814 cum,
708 3737 811 3815 quoad
835 3738 900 3797 fieri
924 3738 1052 3815 poterit,
1079 3735 1242 3813 constabit,

80 3840 152 3918 quid
164 3851 278 3919 poetae
293 3844 363 3921 ipsi,
379 3841 454 3922 quid
467 3841 688 3922 posterioribus
700 3838 900 3901 tribuendum
919 3841 969 3901 sit.
989 3843 1074 3900 llenc
1085 3839 1247 3917 quaestio-

80 3959 146 4004 nem
169 3946 372 4024 aliquatenus
396 3945 504 4007 saltem
527 3953 725 4022 promoturus
753 3943 919 4004 nonnullas
942 3943 1064 4006 fabulas
1091 3943 1245 4003 Plautinas

79 4043 178 4108 denuo
200 4049 404 4128 pertrectaui.

558 4167 765 4178 --—-—---
