3176 5028
349 426 390 489 36
787 427 937 490 Avorsrvs
960 431 1063 492 Lucus.

349 606 429 657 certe
460 615 521 657 non
544 597 584 655 sit
605 595 789 676 Plautinum,
816 597 907 660 ualde
929 601 1040 679 placet,
1067 601 1151 680 quod
1174 601 1410 666 Studemundus
1431 604 1515 666 duce

248 771 250 774 ¹
348 698 552 761 Ambrosiano
575 699 716 759 coniecit:

480 805 573 862 Times
596 809 721 863 ecastor.
761 795 895 883 'quoe?
919 805 1042 864 mentire
1058 805 1166 865 be'rcle.
1207 809 1284 866 Nam
1304 808 1402 888 peltes
1419 809 1510 868 mole.

351 908 445 966 Times
468 914 585 966 ecastor
607 905 721 984 uerba,
747 923 827 984 quae
850 906 1024 984 Geppertus
1047 907 1222 987 Olympioni
1247 911 1372 988 tribuit,
1407 913 1514 988 potius

348 1009 533 1068 Cleostratae
555 1025 625 1067 esse
647 1017 784 1086 apparet.
812 1041 850 1053 -
941 1081 945 1089 Ι

435 1110 524 1190 Epid.
544 1111 578 1187 u,
598 1112 627 1187 2,
650 1112 709 1169 tto
727 1110 809 1170 hunc
830 1111 862 1170 in
885 1108 1012 1170 modum
1034 1111 1219 1192 aGepperto
1240 1116 1428 1176 constitutus
1443 1128 1508 1177 est:

475 1209 581 1294 'Atque
605 1221 763 1293 <truentum
785 1233 837 1295 eqo
861 1232 928 1274 cum
950 1214 1003 1273 hdo
1024 1214 1134 1294 socrum.
1174 1215 1286 1290 Qarrntr'
1301 1221 1424 1278 minimo
1446 1239 1514 1299 po—

679 1318 751 1377 tc'st
772 1318 865 1376 emi?

347 1425 380 1482 ln
405 1421 465 1481 fine
488 1438 598 1480 uersus
622 1438 691 1479 cum
715 1418 784 1479 libri
807 1419 931 1478 inuerso
954 1418 1173 1480 uocabulorum
1197 1419 1304 1482 ordine
1325 1423 1509 1500 praebeant:

346 1525 454 1606 quanti
472 1524 531 1584 emi
550 1530 644 1601 potest
666 1521 797 1596 commo,
817 1519 1043 1582 restituendum
1058 1530 1138 1581 erat:
1168 1525 1275 1602 qudatr'
1296 1527 1353 1583 emi
1375 1527 1512 1585 ottonom

343 1630 447 1706 potest,
473 1643 544 1685 narn
560 1624 787 1703 Geppertianus
805 1641 918 1682 uersus
941 1625 1032 1682 ctiam
1056 1633 1181 1703 propter
1203 1627 1369 1704 neglectam
1396 1626 1512 1688 dihae-

346 1730 427 1789 resin
456 1737 486 1787 et
515 1744 659 1788 caesurae
696 1726 829 1786 uicariae
858 1725 1029 1786 absentiam
1057 1726 1144 1787 nulio
1171 1727 1261 1789 modo
1290 1730 1361 1789 ferri
1393 1740 1508 1808 potest.

346 1837 479 1908 Lacuna,
505 1848 585 1908 quae
608 1838 656 1887 est
678 1835 748 1888 ante
771 1827 961 1906 dibaeresin‚
999 1830 1094 1890 uariis
1124 1829 1223 1890 modis
1245 1832 1361 1912 expleri
1393 1843 1507 1912 potest,

345 1945 438 2013 atque
461 1933 585 1994 uidetur
606 1929 805 1991 inserendum
821 1929 900 1989 duce
917 1930 961 1988 Bb
990 1931 1029 2010 (in
1053 1934 1198 2010 margine)
1227 1935 1304 2013 illuc,
1333 1936 1385 1995 uei
1403 1937 1504 1997 itiner.

431 2039 519 2097 Mero.
547 2036 607 2093 330
633 2034 725 2112 uulgo
747 2032 922 2111 legebatur:

478 2139 583 2198 Video:
609 2138 656 2196 tte
679 2138 821 2216 opperior
844 2135 1000 2196 teatinam.
1031 2135 1084 2195 too
1106 2136 1181 2196 mitt
1201 2157 1280 2200 nuno
1302 2141 1396 2202 uisos!
1419 2162 1505 2221 opus,

475 2243 550 2300 Huic
571 2239 757 2319 persuadere
779 2242 836 2319 qod
860 2239 944 2298 modo
965 2240 1067 2316 potis
1089 2241 1189 2316 sie'ot,
1285 2287 1290 2296 .

475 2347 508 2404 Vt
529 2344 611 2404 illane
633 2342 745 2402 tendat
765 2346 840 2402 neue
863 2342 911 2402 det
932 2345 1024 2402 rnotre'
1045 2361 1130 2402 suae.

343 2449 415 2507 sicot
433 2448 637 2523 Camerarius
657 2447 713 2505 sim
729 2445 810 2505 libri.
846 2445 1028 2505 Ritsohelius
1042 2463 1123 2504 nunc
1145 2464 1162 2504 e
1183 2446 1285 2523 priore
1302 2464 1397 2506 uersu
1421 2451 1508 2508 asci—

342 2558 408 2609 tum
431 2551 463 2607 in
486 2550 582 2608 altero
604 2557 674 2627 post
696 2548 838 2628 quomodo
863 2549 993 2607 inseruit
1011 2549 1078 2628 (qud
1100 2548 1185 2607 modo
1201 2567 1280 2608 nunc
1300 2549 1379 2626 potis
1402 2550 1501 2624 siem),
1586 2605 1587 2628 ,

344 2651 406 2711 Sed
427 2671 508 2711 nunc
530 2653 561 2710 in
585 2669 678 2711 uersu
701 2652 801 2730 priore
825 2650 921 2709 multo
944 2651 1045 2730 aptius
1067 2659 1131 2727 est,
1164 2658 1196 2710 ct
1218 2650 1336 2709 numeri
1362 2649 1506 2710 facillime
1586 2651 1587 2718 ᾗ

342 2755 382 2813 ita
398 2755 430 2812 in
447 2754 543 2813 iustos
561 2755 671 2813 limites
694 2755 836 2832 restringi
856 2763 996 2830 possunt,
1024 2762 1059 2812 ut
1080 2751 1251 2812 scribamus
1266 2755 1330 2812 ut'so
1347 2760 1434 2831 opust
1448 2772 1505 2832 pro

342 2859 435 2916 uisost
457 2877 532 2937 opos
559 2857 606 2936 (ci.
634 2857 707 2918 Cist.
735 2856 759 2914 ll
784 2857 812 2932 t,
840 2857 878 2914 tt
904 2853 965 2914 Sc'd
993 2863 1092 2915 tomen
1119 2855 1165 2914 t'bo
1194 2863 1222 2915 et
1247 2858 1435 2934 persequor:
1466 2875 1504 2915 nc

342 2959 416 3036 quid
431 2977 533 3018 omens
549 2961 647 3036 (octo-t
661 2959 748 3019 corito
764 2957 873 3037 opust).
909 2959 942 3017 ln
959 2958 1054 3017 altero
1071 2957 1195 3018 uidetur
1210 2957 1361 3018 excidisse
1377 2959 1500 3036 uocula,
1585 3029 1586 3032 Ἴ

343 3059 428 3120 uelut
452 3062 525 3120 mitt
551 3062 610 3141 (uei
634 3062 698 3121 dolo
720 3062 787 3120 siue
811 3061 894 3136 dotis,
922 3070 957 3120 ut
971 3061 1069 3120 suasit
1084 3059 1344 3138 Studemundus),
1372 3069 1407 3120 ut
1426 3061 1503 3120 haec
1585 3061 1586 3090 ³

340 3161 527 3222 efficiantur:

473 3267 574 3327 Video:
608 3265 655 3325 tu·
678 3268 819 3345 opperior
841 3266 997 3326 to'mr'oem.
1038 3266 1092 3325 boc
1113 3264 1188 3324 mitt
1208 3283 1289 3325 nunc
1312 3267 1376 3324 otso
1400 3273 1498 3343 opust,

376 3403 379 3412 ν
468 3370 548 3428 Huic
568 3367 753 3449 persuadere
776 3372 832 3448 qod
856 3369 939 3429 modo
960 3371 1035 3446 potis
1058 3370 1127 3444 sim,
1151 3361 1256 3452 (miti)

475 3473 506 3532 Vt
527 3472 612 3532 utam
634 3472 749 3532 ueodot
770 3474 844 3531 nette
867 3472 915 3531 det
936 3473 1029 3530 matri
1052 3489 1136 3531 suove.

343 3573 452 3653 (Possit
473 3583 575 3636 tamen
599 3568 763 3634 Camerarii
786 3573 837 3632 ille
860 3592 971 3633 uersus
994 3574 1035 3632 ita
1057 3571 1186 3633 fortasse
1208 3569 1348 3646 defendi,
1384 3579 1419 3629 ut
1439 3589 1501 3649 po-

339 3679 375 3736 tis
398 3680 472 3738 siem
493 3677 525 3734 in
548 3695 645 3736 unum
669 3676 802 3736 uerbum
825 3676 1056 3753 coniungamus,
1084 3675 1181 3733 ueluti
1203 3673 1370 3750 Poenlit,
1392 3672 1500 3732 trost
1583 3695 1584 3756 j

335 3779 506 3858 petissent).
536 3814 571 3822 —

423 3881 482 3940 Mil.
509 3880 548 3959 gt.
576 3883 615 3942 23
640 3899 686 3958 sq.
714 3880 897 3942 Ritschelius
921 3879 991 3940 olim
1014 3882 1054 3940 ita
1078 3877 1189 3941 edidit:

466 3986 512 4045 Mc
535 3984 593 4045 stoi
614 3985 728 4055 habeto,
754 4003 806 4063 eqo
828 4001 874 4044 mc
898 3984 1053 4062 mancupio
1076 3981 1182 4056 dabo,
1208 3982 1288 4042 nist

471 4088 563 4148 Vnum
586 4089 731 4166 epityrum
755 4093 837 4146 estur
860 4078 1033 4169 (insonum)
1057 4086 1163 4144 r'osooe'
1185 4083 1266 4142 bene.

337 4208 435 4270 eyoore
447 4190 529 4266 ABa3
550 4199 577 4250 et
592 4209 644 4270 eqo
659 4190 718 4263 Da;
739 4177 818 4266 ‘'teyo
831 4207 876 4247 mc
889 4186 951 4263 Bb3
967 4195 995 4247 ct
1006 4185 1097 4268 cyo'm
1112 4185 1174 4264 ub;
1194 4194 1222 4246 et
1237 4203 1288 4264 eoo
1304 4202 1350 4243 me
1366 4184 1496 4264 reliqui;
1582 4219 1583 4239 t
