3168 5030
290 352 351 414 314
716 359 871 422 Enrtnnrs
896 360 1025 422 Beonan.

288 526 319 586 iu
343 527 479 588 oratione
502 529 733 610 concinnanda,
767 541 799 593 at
829 541 932 594 tamen
964 532 1005 593 ab
1028 533 1237 613 experimento
1259 538 1364 598 omnia
1386 547 1461 598 nata

288 646 356 692 esse
386 648 488 710 neque
518 630 626 696 deesse
649 634 745 716 locos,
778 641 809 704 in
841 644 957 720 quibus
990 638 1168 719 ingeniosae
1196 642 1338 704 licentiae
1366 641 1461 701 nimis

289 729 486 796 indulserint.
530 734 565 797 ld
594 746 676 802 certe
704 741 751 804 his
779 745 912 830 plagulis
942 751 1080 814 effecisse
1110 750 1186 810 mibi
1217 745 1344 830 uideor,
1371 745 1461 805 utin

287 843 445 912 posterum
467 856 507 898 ne
529 837 570 900 ad
592 841 730 910 taedium
760 869 861 931 usque
890 865 1083 935 repeteretur
1105 851 1268 914 decantata
1297 848 1348 909 illa
1372 867 1461 907 »mo-

288 936 398 1002 dorum
422 939 585 1023 coniusio«,
612 965 673 1026 qua
698 958 764 1012 tum
788 957 1002 1022 coniunctiuos
1026 966 1093 1020 tum
1117 955 1301 1020 indicatiuos
1325 950 1460 1016 mirabili

288 1042 478 1121 neglegentia
495 1046 643 1112 effudisse
659 1050 844 1121 dicebantur
857 1063 953 1140 prisci
969 1063 1144 1141 scriptores.
1183 1061 1285 1120 Vnum
1302 1063 1457 1136 superest,

288 1153 324 1205 ut
345 1145 444 1207 libere
466 1149 611 1229 profitear
639 1159 805 1223 nonnullas
832 1164 865 1226 in
894 1164 1058 1226 modorum
1089 1162 1227 1224 doctrina
1259 1160 1463 1223 difficultates

287 1247 328 1310 ita
352 1248 481 1314 tortasse
504 1253 583 1316 solui
605 1262 755 1342 potuisse,
783 1275 820 1328 ut
841 1264 880 1328 de
902 1267 1000 1330 luturi
1022 1286 1084 1330 usu
1106 1265 1192 1346 apud
1213 1267 1332 1346 priscos
1355 1264 1463 1343 scrip-

290 1358 372 1414 tores
394 1353 504 1419 latinos
531 1357 710 1441 diligentius
733 1379 947 1447 quaereretur.

374 1560 461 1632 Quae
492 1566 519 1626 si
548 1576 630 1630 recte
660 1575 799 1651 exposita
830 1596 898 1640 esse
928 1576 1132 1655 uidebuntur,
1166 1573 1344 1652 nonnullas,
1379 1592 1462 1652 quae

289 1659 391 1724 adbuc
420 1665 480 1727 sub
509 1669 611 1732 iudice
640 1685 730 1755 sunt,
770 1679 841 1741 lites
869 1680 909 1743 de
939 1679 1102 1742 modorum
1132 1679 1270 1741 doctrina
1300 1676 1462 1738 resoluere

288 1769 470 1844 poterimus.
527 1773 618 1837 Velut
654 1783 834 1860 nuperrime
872 1785 1022 1864 Georgius
1059 1782 1244 1845 Autenrieth
1280 1783 1313 1841 in
1351 1780 1457 1841 annal.

288 1867 393 1946 philol.
420 1875 575 1954 supplem.
594 1880 632 1940 Vl
654 1901 685 1962 p.
705 1884 767 1945 285
789 1903 836 1964 sq.
864 1905 953 1968 quom
976 1887 1183 1949 coniunctioni
1206 1885 1459 1966 interrogatiuam

289 1971 353 2032 uim
376 1975 486 2038 tribuit
507 1980 540 2040 iu
564 1983 709 2072 uersibus
732 1987 823 2048 Ennii
852 1988 953 2065 (Ribb.
981 1992 1069 2070 Trag.
1095 2011 1128 2072 p.
1149 1992 1200 2069 42,
1223 1991 1294 2066 tau)
1322 1985 1460 2050 Astrolo-

287 2080 505 2161 gemmeique
528 2085 559 2145 r'o
582 2087 664 2150 coelo
687 2093 807 2169 quaesit
835 2092 992 2169 obseraret,
1030 2096 1112 2156 louis
1136 2096 1252 2169 Quom
1283 2111 1382 2172 cupro
1404 2100 1461 2152 out

288 2197 367 2258 nepo
390 2189 446 2243 out
466 2190 653 2253 emoritur
675 2211 790 2255 rrromen
812 2195 935 2278 aliquod
958 2197 1079 2277 beluae,
1108 2196 1205 2258 Plauti
1228 2197 1318 2256 Poen.
1346 2194 1395 2275 lll,
1416 2199 1455 2288 l,

291 2284 328 2343 43
359 2284 440 2367 (ill)
472 2288 603 2368 Vidistis,
632 2293 696 2358 leno
718 2315 827 2376 quom
849 2319 962 2361 aurum
986 2303 1164 2382 occepit?
1187 2298 1351 2365 similibus.
1395 2300 1460 2362 Sed

288 2385 396 2449 fefellit
418 2389 522 2452 uirum
545 2393 671 2458 doctum
694 2399 808 2478 opinio.
848 2403 925 2464 Nam
954 2405 981 2464 si
1009 2404 1225 2484 iuterrogatiua
1255 2411 1339 2466 esset
1368 2423 1459 2484 quom

287 2491 457 2571 particulae
485 2496 550 2575 uis,
584 2517 645 2560 non
676 2504 820 2564 emoritur
848 2513 879 2568 et
901 2509 1025 2588 occepit,
1051 2505 1108 2569 scd
1130 2509 1292 2570 emoriatur
1315 2517 1346 2584 et
1369 2510 1458 2570 noci—

285 2603 371 2674 peret
404 2598 556 2678 scriptum
589 2613 687 2681 esset3
724 2607 956 2672 coniunctiuum
991 2612 1074 2673 enim
1106 2612 1138 2671 in
1173 2609 1325 2673 eiusmodi
1354 2613 1458 2676 inter-

290 2701 499 2786 rogationibus
521 2703 650 2784 {lagitari
674 2728 713 2768 ex
736 2708 782 2769 eis
804 2723 943 2791 apparet,
970 2731 1051 2792 quae
1073 2732 1168 2794 supra
1187 2712 1344 2791 disputata
1368 2727 1453 2777 sunt.

288 2803 395 2881 Neque
417 2822 502 2884 uero,
530 2825 591 2886 quo
613 2808 816 2874 indicatiuum
840 2816 871 2876 in
896 2816 956 2878 illis
972 2817 1118 2878 uersibus
1141 2815 1330 2896 defenderet,
1357 2817 1456 2880 Plauti

245 2895 246 2898 '
287 2907 376 2967 Mero.
404 2909 460 2968 88l
495 2908 539 2990 (V,
568 2911 596 2992 2,
624 2913 673 2995 39)
711 2917 831 2978 coelom
860 2927 900 2980 ut
929 2929 985 2982 est
1013 2920 1169 3004 splendore
1195 2921 1332 3000 plenum,
1365 2924 1457 2986 uide

288 3010 331 3070 sis
352 3010 480 3072 laudare
507 3009 641 3077 debebat
663 3015 862 3100 Autenrietb;
898 3023 991 3084 huius
1021 3025 1103 3084 euim
1134 3023 1295 3084 locutionis
1325 3044 1455 3106 prorsus

289 3112 381 3174 aliam
405 3114 615 3179 condicionem
639 3139 709 3182 esse
734 3141 827 3202 supra
851 3142 920 3204 pag.
949 3127 1010 3189 292
1034 3125 1329 3194 demonstrauimus.
1359 3130 1456 3192 immo

288 3235 374 3298 quom
403 3220 554 3297 particula
584 3224 616 3283 in
647 3225 710 3286 illis
740 3226 886 3288 uersibus
914 3227 1075 3290 relatiuam
1106 3239 1137 3290 et
1165 3231 1366 3310 temporalem
1389 3237 1454 3296 uim

287 3319 391 3383 habet.
