3176 5028
538 409 740 480 erasrsouns
763 425 919 466 assatura.
1271 408 1306 466 11

250 600 281 640 ιι.
311 575 389 638 177ε
418 579 566 654 Periboiio
587 578 667 658 feius
689 577 768 660 quid
788 583 862 638 uoto
883 577 1079 657 impertiat
1098 578 1201 658 fucit

248 700 282 743 u.
309 683 387 741 536:
415 681 569 763 Quidquid
589 681 690 760 probis
711 680 852 760 eripitur,
880 680 1063 759 improbis
1086 679 1215 756 datrir,

149 784 225 846 adeo
248 794 323 845 sunt
345 785 492 864 corrupti,
518 793 553 846 ut
573 783 666 863 plane
688 803 740 844 eos
757 781 922 843 emendare
937 801 993 861 ego
1016 801 1076 844 non
1099 783 1262 864 potuerIm.
1280 785 1312 843 in

149 889 251 965 priore
274 889 367 948 etiam
389 895 515 966 propter
536 887 721 948 sententiam
736 887 919 965 suspicioso,
945 904 1038 964 quern
1061 888 1113 964 ita,
1139 894 1175 947 ut
1188 885 1308 964 scripsi,

148 989 233 1052 solus
256 988 325 1051 eod.
344 991 419 1052 Fris.
437 989 577 1065 exbibet,
602 989 679 1050 haee
692 988 756 1050 lere
771 990 874 1067 potius
890 990 1041 1049 sententia
1058 987 1183 1049 uidetur
1197 989 1308 1048 latere:

149 1092 298 1171 Periboiie
319 1089 377 1173 (est)
396 1091 490 1172 selim,
517 1093 578 1170 qui,
604 1109 681 1170 quoe
704 1092 797 1169 sentiit,
822 1091 964 1172 impetrat
976 1092 1025 1173 (l).
1058 1093 1090 1151 In
1106 1091 1202 1153 altero
1218 1110 1313 1152 uersu
1337 1123 1339 1127 ·

147 1205 181 1256 et
210 1195 278 1273 ipsa
315 1195 466 1256 sententia
504 1191 620 1256 indicat
660 1192 790 1255 subesse
827 1194 1049 1274 eorruptelam;
1090 1213 1193 1274 neque
1229 1197 1312 1255 enim

147 1299 251 1377 potuit
271 1297 408 1360 seribere
430 1295 597 1358 Publilius:
623 1295 771 1377 qroilquid
789 1296 893 1375 probis
914 1299 1062 1376 eripitur,
1086 1297 1230 1378 improbis
1250 1297 1314 1358 do-

149 1409 212 1478 tur,
239 1399 296 1462 sed
318 1401 421 1480 potius
437 1401 571 1461 inuersis
585 1400 771 1461 enuntiatis:
798 1399 946 1478 qriiiquid
968 1398 1111 1479 improbis
1124 1401 1227 1477 moa,
1247 1400 1313 1460 eri-

147 1505 234 1583 pitm·
256 1505 374 1584 probis‚
408 1503 442 1566 id
464 1501 548 1582 qnod
569 1501 637 1564 ood.
664 1503 740 1564 Fris.
767 1499 901 1562 ostendit
922 1501 998 1563 baao
1020 1503 1189 1564 exhibens:
1223 1504 1314 1584 quio-

149 1607 226 1688 quid
248 1607 390 1687 improbis
411 1607 542 1686 eripitur
557 1605 649 1667 mear
670 1605 784 1685 probis.
825 1603 886 1664 Sed
902 1604 981 1685 quod
1002 1605 1146 1684 improbis
1169 1605 1311 1683 donatur,

150 1711 282 1790 eripitur
305 1709 386 1770 bortis
409 1727 470 1772 non
485 1710 586 1771 ausim
610 1706 836 1768 commendare.
856 1742 895 1752 -
912 1707 947 1768 V.
968 1709 1028 1768 lio
1044 1706 1196 1786 denique:
1223 1711 1314 1768 Nemi

149 1811 280 1874 timendo
303 1811 346 1872 mi
370 1810 517 1873 simmam
538 1811 679 1891 peruenit
693 1811 785 1871 locum
808 1810 884 1871 nihil
907 1809 1029 1871 obstare
1052 1813 1204 1889 existimo,
1230 1831 1314 1891 quo-

150 1917 257 1976 minus
272 1915 411 1995 perumit
433 1923 556 1992 tempus
579 1913 750 1991 perfeetum
773 1931 842 1974 esse
865 1931 1058 1974 censeamus.
1084 1947 1125 1960 —-

239 2019 377 2080 Pursnao
407 2035 478 2078 eum
507 2018 568 2078 iam
598 2017 752 2078 Lueianus
782 2015 948 2077 Muellerus
983 2018 1097 2096 optime
1126 2016 1316 2079 oonsuluerit

156 2120 207 2197 (ol.
234 2118 273 2180 de
296 2137 329 2180 re
352 2139 394 2180 ιιι.
419 2139 450 2199 p.
478 2120 539 2180 Ill
562 2128 595 2181 et
616 2118 691 2180 edit.
718 2117 845 2180 Phaedr.
871 2137 902 2197 p.
930 2120 993 2179 Vlll
1016 2125 1091 2198 sq.),
1125 2138 1181 2180 nos
1211 2122 1314 2181 statim

150 2233 351 2285 transeamus
378 2220 420 2285 ad
449 2224 599 2284 chlttvot.
643 2219 745 2299 Atque
774 2230 938 2300 postquam
967 2221 1074 2284 docuit
1095 2223 1314 2284 Fleckeisenus

155 2325 254 2408 {Neue
276 2325 468 2386 Jahrbilcher
489 2323 511 2386 l.
535 2324 699 2402 Philologie
724 2323 800 2382 1861
828 2342 859 2402 p.
886 2323 947 2384 575
972 2324 1032 2405 sq.)
1064 2326 1149 2406 pedis
1184 2325 1235 2406 (=
1254 2345 1314 2406 pe-

150 2427 281 2501 diculos)
308 2426 457 2506 producta
473 2429 576 2505 priore
599 2425 718 2505 syllaba
734 2425 806 2486 olim
826 2429 1057 2506 pronuntiatum
1074 2447 1152 2506 osse,
1179 2437 1315 2490 remotus

152 2539 204 2592 est
225 2530 462 2592 molestissimus
484 2549 523 2592 ex
545 2531 591 2592 eis
614 2529 770 2606 uersibus,
795 2531 850 2608 qui
872 2529 932 2610 legi
954 2540 1077 2592 nostrae
1099 2529 1265 2592 obstabant

152 2633 255 2696 XXIX
277 2633 329 2694 25:
938 2635 995 2694 Hie
1016 2653 1063 2695 me
1083 2632 1137 2694 ribi
1156 2634 1247 2710 roitiei,

378 2733 605 2814 subblanditur,
629 2736 788 2816 poiipomr²
814 2735 905 2816 capit
926 2736 1031 2815 scabit,
1056 2737 1145 2815 podis
1169 2737 1246 2816 lepit.

152 2839 209 2900 alii
231 2836 386 2900 eiusmodi
416 2840 521 2901 uersui
546 2840 700 2900 Lucienus
722 2839 888 2902 Muellerus
917 2838 1042 2900 demum
1078 2838 1125 2920 (ol.
1151 2837 1191 2900 de
1214 2857 1247 2898 re
1270 2857 1311 2898 m.

150 2959 208 3023 pp.
235 2940 308 3002 3lb.
335 2943 409 3002 366.
437 2940 508 3022 lib)
536 2941 647 3002 uitium
670 2942 791 3002 intulit:

153 3043 277 3106 XXVIII
301 3045 357 3104 30:
394 3047 519 3108 Prbeier
548 3045 636 3106 bueus
658 3044 844 3106 stibsioiuom
866 3043 1013 3124 siquomii
1036 3044 1145 3106 uole's
1167 3046 1312 3124 oprim.

151 3165 233 3227 opro
260 3164 316 3224 pro
345 3165 437 3226 opero
468 3164 655 3225 quamquam
687 3144 772 3224 apud
796 3149 930 3210 Ennium
961 3166 1084 3227 quoque
1107 3148 1237 3227 legimus
1265 3146 1313 3227 (ol.

153 3249 294 3311 Klotzius
318 3248 357 3312 ad
380 3248 474 3314 Andr.
502 3250 514 3308 l
539 3250 566 3326 l,
594 3248 652 3324 253
680 3249 854 3328 Geppertus
877 3250 1006 3332 Ausspr.
1034 3268 1063 3328 p.
1092 3250 1163 3331 63):
1198 3251 1254 3308 Hic
1277 3257 1319 3310 est

152 3352 206 3414 ilie
228 3353 313 3428 situs,
341 3353 390 3412 coi
417 3369 501 3414 nemo
530 3353 605 3412 ciuis
633 3370 728 3432 mque
757 3352 849 3416 bostis
872 3355 975 3429 Quibit
1001 3373 1057 3434 pro
1079 3352 1170 3431 sactis
1191 3352 1319 3413 reddero

154 3473 250 3534 opree
268 3455 412 3534 prelium,
438 3462 541 3517 tomen
563 3455 718 3516 neminem
733 3463 819 3517 tanto
834 3456 927 3519 buius
943 3456 1058 3518 formae
1080 3473 1183 3517 amoro
1205 3457 1318 3516 inoon-

152 3575 228 3618 sum
251 3575 319 3618 esse
341 3557 500 3633 existimo,
534 3558 610 3635 quin
640 3557 729 3619 laoilo
758 3577 826 3619 eam
856 3569 960 3620 nostro
989 3560 1095 3620 uersui
1118 3557 1262 3636 abroget,
1292 3557 1318 3616 si

152 3660 232 3719 haee
254 3660 356 3738 potius
380 3660 411 3722 in
434 3658 596 3721 oodioibus
624 3659 709 3733 (Non.
736 3679 766 3738 p.
797 3661 867 3738 175)
895 3660 976 3722 tradi
999 3677 1163 3720 monuero:

362 3764 524 3840 proelireo
547 3762 620 3823 boec
641 3761 806 3834 subsicivo,
832 3763 979 3844 siqmmdb
1001 3763 1097 3833 moles,

325 3863 425 3942 Opera
450 3910 456 3924 .
487 3909 493 3923 .
521 3908 527 3922 .
556 3911 563 3924 .

152 3966 255 4025 XXIX
280 3964 291 4022 1
320 3965 450 4044 legimus
473 3965 557 4045 apud
579 3966 774 4029 Gerlaothm
797 3967 878 4028 edita
902 3966 993 4028 haeo:

746 4072 808 4130 Iloe
831 4088 898 4130 cum
919 4069 1034 4148 sicarii,

290 4170 363 4230 Cum
388 4170 492 4234 citeris
514 4190 586 4236 retis
607 4170 670 4234 boo
692 4171 830 4235 trodetiir
852 4173 953 4250 Lupo:
1011 4210 1013 4216 ν
