3126 5028
223 365 264 423 72
662 359 812 421 Arevsrvs
835 363 939 421 Lrons

224 535 286 596 Sed
309 533 394 614 apud
416 534 539 615 Festum
563 551 595 612 p.
621 533 683 592 305
707 535 744 593 M.
772 533 847 592 nihil
870 531 955 593 aliud
985 540 1144 612 seruatum
1167 542 1215 592 est
1236 532 1298 592 nisi
1325 579 1331 592 .
1354 579 1362 591 .
1386 578 1393 590 .

223 657 381 719 suppreme
405 637 451 696 bel
474 682 728 697 ........
751 645 865 716 pateas.
891 671 934 679 —

310 741 445 802 Naeuius
469 737 552 818 apud
576 739 705 800 Nonium
729 739 802 817 504,
831 740 842 797 t
869 737 909 818 (u.
937 742 956 798 8
981 741 1014 799 R.
1042 740 1090 799 Tr.
1117 759 1149 818 p.
1176 740 1193 797 6
1221 737 1274 818 [=
1292 737 1356 818 7)]:

354 841 376 886 -'
399 858 424 887 a
447 844 520 902 aare¹
542 840 626 902 iubeo
649 841 730 919 faute
753 841 857 903 iuuere
880 842 1058 902 nemiuem
1081 839 1243 901 marium.

225 945 288 1007 Sed
311 964 381 1006 cum
405 946 435 1004 in
460 944 547 1005 libris
571 945 645 1004 baec
660 943 839 1005 tradantur:
866 945 963 1004 aru‘mr'
984 945 1069 1004 iubeo
1092 943 1174 1022 faute
1193 943 1298 1004 lauere
1321 963 1396 1004 me-

224 1051 299 1110 mmi
320 1067 460 1122 murrum,
498 1047 576 1109 illud
605 1056 724 1108 constat
754 1047 846 1108 finem
877 1047 970 1120 huius
997 1065 1109 1108 uersus
1138 1047 1239 1125 potius
1270 1047 1391 1108 fuisse:

223 1153 325 1214 Iduere
349 1146 429 1238 (me)
445 1151 566 1212 memmi
582 1147 715 1210 ararium.
747 1149 846 1230 [Nune
861 1150 958 1211 edidit
973 1149 1181 1210 Ribbeckins:
1208 1147 1231 1192 -‘
1247 1164 1274 1194 v
1289 1151 1395 1210 amuis

222 1255 309 1316 niuea
331 1252 410 1332 faute
435 1255 539 1314 tduere
562 1272 607 1313 me
630 1254 751 1314 memim'
773 1253 922 1334 mauum].
946 1289 990 1298 —

310 1349 412 1418 Attius
434 1354 518 1434 apud
538 1357 735 1433 Nantuatis,
756 1357 795 1418 23
817 1359 860 1430 (n.
880 1357 941 1418 628
958 1357 993 1415 R.
1014 1358 1065 1415 Tr.
1084 1375 1113 1434 p.
1136 1355 1195 1413 ⁴85
1216 1352 1389 1435 [=2t7)]:

354 1457 439 1518 Nune
466 1466 519 1519 tua
549 1461 581 1518 r'a
611 1478 645 1518 re
668 1461 794 1538 crepera
816 1469 849 1520 tu
872 1459 947 1540 quid
968 1459 1072 1540 eripias
1094 1458 1236 1518 eausilr'
1258 1457 1357 1518 uide.

224 1563 306 1622 Libri
320 1560 472 1642 praebent
486 1563 573 1621 Nuae
590 1569 623 1622 tu
640 1562 670 1620 iu
692 1580 726 1621 re
742 1580 869 1641 crepera
892 1569 946 1622 tua
961 1560 1035 1642 qur'd
1049 1562 1154 1641 capias
1169 1561 1287 1623 consilii
1300 1559 1393 1632 uide;

224 1665 349 1726 Botbius
371 1666 402 1724 in
427 1665 487 1725 fine
509 1665 630 1744 scripsit
652 1663 761 1724 cau-sili
782 1666 887 1742 capias
911 1664 991 1725 uide.
1030 1665 1208 1742 Malimego
1231 1662 1396 1726 senarium

224 1769 265 1828 ita
288 1768 485 1845 constituere,
512 1775 548 1828 ut
568 1753 628 1846 pro¹
649 1776 701 1829 tua
725 1784 896 1847 supponam
920 1768 1007 1828 uide:
1034 1768 1122 1828 Nune
1144 1774 1177 1828 tu
1204 1769 1236 1827 r'a
1258 1784 1292 1826 re
1316 1784 1396 1826 ere-

221 1889 298 1950 pera
319 1869 390 1930 uide
412 1870 485 1950 quid
508 1871 613 1950 rapias
636 1870 749 1932 edasr'lr'.
794 1869 893 1950 [Nune
915 1869 1011 1932 edidit
1026 1868 1213 1930 Ribbeekius
1236 1869 1392 1928 senarios:

222 1975 311 2034 Nuuc
335 1981 365 2034 tu
389 1974 420 2032 iu
442 1991 477 2032 re
501 1991 627 2051 crepera
650 1971 704 2032 tua
727 1973 800 2052 quid
821 1974 926 2054 capias
949 1973 1052 2034 consili
1079 1970 1173 2052 Vide]
1192 2005 1235 2014 -

310 2073 412 2136 Attius
434 2072 519 2152 apud
542 2076 675 2136 Nonium
693 2074 743 2152 72,
771 2079 789 2138 2
811 2076 851 2157 (u.
872 2078 933 2139 tiu
957 2077 992 2135 R.
1012 2077 1060 2134 Tr.
1080 2095 1112 2156 p.
1134 2076 1192 2158 ibi
1213 2073 1266 2156 [=
1285 2073 1392 2154 i93]):

354 2179 453 2251 Quam
476 2178 574 2239 iuur'ta
596 2179 756 2254 ancillam,
782 2178 859 2240 diem
882 2179 1084 2240 oboe'dr'e'as
1106 2179 1198 2240 uiri.

225 2282 340 2341 Vitium
363 2281 454 2341 uitari
476 2289 578 2360 potest
599 2300 628 2341 e.
653 2299 682 2360 g.
710 2281 891 2342 scribendo:
917 2282 995 2343 dieto
1018 2281 1171 2344 aboedrbat
1193 2283 1266 2343 uiri.
1287 2315 1326 2324 -
1396 2293 1403 2314 '

312 2384 448 2444 Licinius
479 2383 603 2443 Imbrex
632 2383 718 2463 apud
741 2385 873 2447 Gellium
897 2385 963 2446 Xlll
986 2387 1038 2464 22,
1067 2386 1105 2444 ib
1134 2388 1179 2460 (R.
1207 2385 1242 2448 C.
1267 2404 1299 2463 p.
1320 2383 1392 2464 29);

353 2487 428 2545 Nata
450 2489 502 2566 epa
525 2489 676 2548 Neaeram
700 2491 727 2549 te'
748 2497 863 2566 uacent,
890 2487 942 2550 sed
963 2487 1132 2564 Ne'rr'euem,

355 2588 429 2648 Cum
452 2588 573 2668 quidem
596 2591 730 2650 Mauorti
751 2607 782 2650 es
804 2593 836 2651 r'a
859 2588 1068 2652 carrubium
1090 2591 1198 2652 datd.
1218 2624 1260 2633 -

225 2691 308 2752 Libri
331 2691 483 2771 praebent
505 2711 573 2752 crem
596 2693 716 2772 quidem
738 2694 843 2755 Marti.
883 2693 938 2752 Pro
962 2711 1030 2754 oum
1052 2693 1187 2774 quidem,
1220 2691 1305 2772 quod
1333 2692 1397 2752 uix

224 2795 435 2871 incorruptum
459 2805 516 2872 est,
551 2795 675 2856 Rotbius
699 2804 779 2855 reete
801 2797 960 2876 proposuit
988 2795 1244 2877 quandoquidem,
1278 2793 1395 2854 Fleck—

224 2897 348 2958 eisenus
371 2907 475 2958 contra
497 2897 645 2976 loquendi
676 2916 767 2960 nsum
798 2900 940 2978 quamam
970 2899 1098 2979 quidem.
1140 2897 1219 2959 Illud
1248 2896 1397 2977 quaudo-

225 3001 345 3079 qur'dem
360 3001 387 3060 si
409 3001 530 3079 recipis,
556 2999 765 3062 adnumeres
787 3001 1017 3065 constituendos
1040 3002 1113 3063 nibil
1137 3001 1223 3062 aliud
1246 3010 1398 3081 superest

225 3103 284 3163 nisi
312 3112 348 3164 ut
375 3103 492 3164 scribas
523 3089 698 3164 concubium
724 3123 780 3184 pro
810 3107 984 3168 conubium:
1020 3106 1267 3186 Quandoquidem
1297 3106 1399 3166 Marti

225 3209 255 3267 ds
283 3205 344 3286 [uel
369 3205 617 3284 Quandoquidem
641 3208 774 3268 Mduartr'
796 3207 837 3288 εἰ]
870 3209 900 3268 ia
929 3207 1102 3270 carcubium
1137 3207 1200 3289 [uel
1227 3211 1258 3270 iu
1280 3209 1395 3268 carriu-

224 3307 318 3390 pidm]
345 3308 430 3370 data.
458 3343 496 3352 -

312 3411 462 3472 Caecilius
492 3411 609 3472 Statius
639 3411 723 3488 apud
745 3414 897 3474 Donatum
921 3415 953 3474 in
976 3416 1044 3474 Ter.
1071 3413 1150 3474 Eun.
1178 3415 1213 3474 lV
1240 3414 1269 3490 i,
1296 3414 1313 3471 i
1342 3411 1391 3493 (u.

228 3516 267 3576 62
291 3533 339 3593 sq.
365 3516 401 3573 R.
427 3516 460 3576 C.
487 3535 518 3595 p.
546 3513 612 3594 37):

410 3677 413 3686 ,
934 3618 1015 3693 Quid
1037 3618 1089 3678 atr·
1111 3620 1302 3700 aucupdtr'ost

355 3715 581 3801 'Arpurrreutum
606 3727 658 3780 aru
680 3719 717 3780 de
738 3737 800 3780 mea
824 3738 926 3780 amare
949 3720 1210 3800 ue'rbrficdtr‘dst
1228 3723 1363 3801 patri?

227 3820 289 3881 Sed
311 3840 380 3882 eum
406 3842 468 3884 mea
492 3842 553 3882 non
576 3832 658 3884 certo
681 3822 828 3884 traditum
851 3841 920 3884 esse
943 3823 1096 3902 uideatur,
1123 3825 1236 3886 senarii
1259 3835 1401 3902 possunt

226 3925 385 3986 constitui:
414 3923 628 4006 Arydmeutum
652 3933 705 3986 aut
727 3925 763 3986 de
785 3930 888 3988 amore
910 3925 1128 4006 morbificdtr‘ast
1151 3930 1248 3990 Patri.

314 4027 361 4086 Ex
383 4031 443 4089 ine.
471 4031 530 4091 ine.
558 4028 620 4091 iab.
647 4027 732 4109 apud
755 4028 903 4090 Senecam
926 4039 1063 4092 controu.
1090 4033 1133 4091 lX
1153 4031 1194 4092 27
1222 4029 1263 4112 (u.
1292 4033 1394 4092 9211.

228 4136 261 4196 C.
287 4150 318 4210 p.
348 4132 433 4214 iifl:
