<?xml version="1.0" encoding="UTF-8"?>
<!DOCTYPE html PUBLIC "-//W3C//DTD XHTML 1.0 Transitional//EN"
    "http://www.w3.org/TR/xhtml1/DTD/xhtml1-transitional.dtd">
<html xmlns="http://www.w3.org/1999/xhtml" xml:lang="en" lang="en">
 <head>
  <title>
</title>
<meta http-equiv="Content-Type" content="text/html;charset=utf-8" />
  <meta name='ocr-system' content='tesseract 3.04.00' />
  <meta name='ocr-capabilities' content='ocr_page ocr_carea ocr_par ocr_line ocrx_word'/>
</head>
<body>
  <div class='ocr_page' id='page_1' title='image "./studiainpriscos00studgoog_0126.png"; bbox 0 0 3126 5028; ppageno 0'>
   <div class='ocr_carea' id='block_1_1' title="bbox 384 459 1262 523">
    <p class='ocr_par' dir='ltr' id='par_1_1' title="bbox 384 459 1262 523">
     <span class='ocr_line' id='line_1_1' title="bbox 384 459 1262 523; baseline 0.002 -5"><span class='ocrx_word' id='word_1_1' title='bbox 384 459 646 521; x_wconf 76' lang='grc'>11333331331313</span> <span class='ocrx_word' id='word_1_2' title='bbox 670 480 788 521; x_wconf 78' lang='grc'>3131313</span> <span class='ocrx_word' id='word_1_3' title='bbox 812 459 978 523; x_wconf 80' lang='lat' dir='ltr'><strong>varmm.</strong></span> <span class='ocrx_word' id='word_1_4' title='bbox 1203 461 1262 520; x_wconf 89' lang='lat'>111</span> 
     </span>
    </p>
   </div>
   <div class='ocr_carea' id='block_1_2' title="bbox 83 628 1267 1738">
    <p class='ocr_par' dir='ltr' id='par_1_2' title="bbox 86 628 1266 816">
     <span class='ocr_line' id='line_1_2' title="bbox 89 628 1266 710; baseline 0.003 -24"><span class='ocrx_word' id='word_1_5' title='bbox 89 628 310 707; x_wconf 80' lang='lat' dir='ltr'><strong>colligendum</strong></span> <span class='ocrx_word' id='word_1_6' title='bbox 333 639 395 708; x_wconf 90' lang='grc'>331,</span> <span class='ocrx_word' id='word_1_7' title='bbox 422 630 506 710; x_wconf 93' lang='lat' dir='ltr'><strong>quod</strong></span> <span class='ocrx_word' id='word_1_8' title='bbox 529 632 627 693; x_wconf 87' lang='lat' dir='ltr'><strong>Plauti</strong></span> <span class='ocrx_word' id='word_1_9' title='bbox 649 649 763 694; x_wconf 91' lang='lat' dir='ltr'><strong>nomen</strong></span> <span class='ocrx_word' id='word_1_10' title='bbox 786 632 836 693; x_wconf 93' lang='lat' dir='ltr'><strong>hic</strong></span> <span class='ocrx_word' id='word_1_11' title='bbox 857 633 954 694; x_wconf 92' lang='lat' dir='ltr'><strong>omitti</strong></span> <span class='ocrx_word' id='word_1_12' title='bbox 977 651 1039 693; x_wconf 93' lang='grc'>333</span> <span class='ocrx_word' id='word_1_13' title='bbox 1062 631 1186 708; x_wconf 80' lang='lat' dir='ltr'>debuit,</span> <span class='ocrx_word' id='word_1_14' title='bbox 1213 629 1266 690; x_wconf 92' lang='lat' dir='ltr'><strong>ubi</strong></span> 
     </span>
     <span class='ocr_line' id='line_1_3' title="bbox 86 728 773 816; baseline 0.009 -25"><span class='ocrx_word' id='word_1_15' title='bbox 86 728 127 792; x_wconf 89' lang='lat' dir='ltr'>de</span> <span class='ocrx_word' id='word_1_16' title='bbox 151 732 288 792; x_wconf 92' lang='lat' dir='ltr'><strong>nomine</strong></span> <span class='ocrx_word' id='word_1_17' title='bbox 311 731 435 794; x_wconf 79' lang='lat' dir='ltr'><strong>fabulae</strong></span> <span class='ocrx_word' id='word_1_18' title='bbox 458 741 489 794; x_wconf 91' lang='lat' dir='ltr'>et</span> <span class='ocrx_word' id='word_1_19' title='bbox 510 743 599 814; x_wconf 91' lang='lat' dir='ltr'><strong>poeta</strong></span> <span class='ocrx_word' id='word_1_20' title='bbox 622 744 739 814; x_wconf 77' lang='lat' dir='ltr'><strong>agatur.</strong></span> <span class='ocrx_word' id='word_1_21' title='bbox 753 735 773 816; x_wconf 83' lang='lat'>¹)</span> 
     </span>
    </p>

    <p class='ocr_par' dir='ltr' id='par_1_3' title="bbox 83 835 1267 1738">
     <span class='ocr_line' id='line_1_4' title="bbox 178 835 1265 915; baseline 0.001 -22"><span class='ocrx_word' id='word_1_22' title='bbox 178 835 275 894; x_wconf 88' lang='lat' dir='ltr'><strong>Hanc</strong></span> <span class='ocrx_word' id='word_1_23' title='bbox 298 836 391 915; x_wconf 83' lang='lat' dir='ltr'><strong>igitur</strong></span> <span class='ocrx_word' id='word_1_24' title='bbox 409 835 549 908; x_wconf 19' lang='lat' dir='ltr'><strong>*fabulam</strong></span> <span class='ocrx_word' id='word_1_25' title='bbox 574 839 811 900; x_wconf 83' lang='lat' dir='ltr'><strong>contaminatam</strong></span> <span class='ocrx_word' id='word_1_26' title='bbox 834 856 904 899; x_wconf 89' lang='lat' dir='ltr'><strong>esse</strong></span> <span class='ocrx_word' id='word_1_27' title='bbox 926 836 1045 914; x_wconf 89' lang='lat' dir='ltr'><strong>iudico,</strong></span> <span class='ocrx_word' id='word_1_28' title='bbox 1076 854 1265 915; x_wconf 91' lang='lat' dir='ltr'><strong>quamquam</strong></span> 
     </span>
     <span class='ocr_line' id='line_1_5' title="bbox 87 938 1267 1020; baseline 0.001 -24"><span class='ocrx_word' id='word_1_29' title='bbox 87 939 284 998; x_wconf 81' lang='lat' dir='ltr'><strong>summatim</strong></span> <span class='ocrx_word' id='word_1_30' title='bbox 318 938 492 1018; x_wconf 77' lang='lat' dir='ltr'><strong>legentibus</strong></span> <span class='ocrx_word' id='word_1_31' title='bbox 526 940 622 1001; x_wconf 92' lang='lat' dir='ltr'><strong>multo</strong></span> <span class='ocrx_word' id='word_1_32' title='bbox 656 942 755 1000; x_wconf 92' lang='lat' dir='ltr'><strong>minor</strong></span> <span class='ocrx_word' id='word_1_33' title='bbox 788 959 882 1020; x_wconf 88' lang='lat' dir='ltr'><strong>quam</strong></span> <span class='ocrx_word' id='word_1_34' title='bbox 915 941 947 999; x_wconf 93' lang='lat' dir='ltr'><strong>in</strong></span> <span class='ocrx_word' id='word_1_35' title='bbox 977 938 1107 1019; x_wconf 83' lang='lat' dir='ltr'><strong>Epidico</strong></span> <span class='ocrx_word' id='word_1_36' title='bbox 1140 939 1267 999; x_wconf 82' lang='lat' dir='ltr'><strong>offensio</strong></span> 
     </span>
     <span class='ocr_line' id='line_1_6' title="bbox 86 1039 1263 1122; baseline 0.002 -25"><span class='ocrx_word' id='word_1_37' title='bbox 86 1040 197 1100; x_wconf 90' lang='lat' dir='ltr'><strong>inesse</strong></span> <span class='ocrx_word' id='word_1_38' title='bbox 225 1039 400 1102; x_wconf 89' lang='lat' dir='ltr'><strong>uidebitur.</strong></span> <span class='ocrx_word' id='word_1_39' title='bbox 446 1041 564 1113; x_wconf 90' lang='lat' dir='ltr'><strong>Quodsi</strong></span> <span class='ocrx_word' id='word_1_40' title='bbox 585 1043 678 1121; x_wconf 89' lang='lat' dir='ltr'><strong>uitia,</strong></span> <span class='ocrx_word' id='word_1_41' title='bbox 712 1061 792 1122; x_wconf 89' lang='grc'>3333</span> <span class='ocrx_word' id='word_1_42' title='bbox 814 1044 922 1104; x_wconf 86' lang='grc'>133331</span> <span class='ocrx_word' id='word_1_43' title='bbox 943 1043 975 1102; x_wconf 90' lang='grc'>13</span> <span class='ocrx_word' id='word_1_44' title='bbox 998 1041 1125 1119; x_wconf 80' lang='lat' dir='ltr'><strong>Epidico</strong></span> <span class='ocrx_word' id='word_1_45' title='bbox 1146 1039 1263 1119; x_wconf 83' lang='lat' dir='ltr'><strong>fabula,</strong></span> 
     </span>
     <span class='ocr_line' id='line_1_7' title="bbox 84 1142 1266 1224; baseline -0.001 -22"><span class='ocrx_word' id='word_1_46' title='bbox 84 1142 206 1220; x_wconf 90' lang='lat' dir='ltr'><strong>partim</strong></span> <span class='ocrx_word' id='word_1_47' title='bbox 233 1144 376 1203; x_wconf 92' lang='lat' dir='ltr'><strong>uirorum</strong></span> <span class='ocrx_word' id='word_1_48' title='bbox 399 1142 559 1204; x_wconf 92' lang='lat' dir='ltr'><strong>doctorum</strong></span> <span class='ocrx_word' id='word_1_49' title='bbox 581 1146 745 1224; x_wconf 83' lang='lat' dir='ltr'><strong>sagacitate</strong></span> <span class='ocrx_word' id='word_1_50' title='bbox 768 1145 891 1207; x_wconf 90' lang='lat' dir='ltr'><strong>dudum</strong></span> <span class='ocrx_word' id='word_1_51' title='bbox 913 1145 1032 1224; x_wconf 80' lang='lat' dir='ltr'><strong>cognita</strong></span> <span class='ocrx_word' id='word_1_52' title='bbox 1047 1145 1158 1224; x_wconf 87' lang='lat' dir='ltr'><strong>partim</strong></span> <span class='ocrx_word' id='word_1_53' title='bbox 1174 1143 1266 1203; x_wconf 88' lang='lat' dir='ltr'><strong>etiam</strong></span> 
     </span>
     <span class='ocr_line' id='line_1_8' title="bbox 85 1246 1267 1326; baseline -0.001 -22"><span class='ocrx_word' id='word_1_54' title='bbox 85 1263 176 1305; x_wconf 94' lang='grc'>3333</span> <span class='ocrx_word' id='word_1_55' title='bbox 201 1246 339 1324; x_wconf 90' lang='grc'>3333113,</span> <span class='ocrx_word' id='word_1_56' title='bbox 365 1248 622 1308; x_wconf 78' lang='lat' dir='ltr'><strong>contaminatione</strong></span> <span class='ocrx_word' id='word_1_57' title='bbox 643 1247 790 1325; x_wconf 81' lang='lat' dir='ltr'><strong>explicari</strong></span> <span class='ocrx_word' id='word_1_58' title='bbox 813 1256 989 1326; x_wconf 90' lang='grc'>33333331,</span> <span class='ocrx_word' id='word_1_59' title='bbox 1016 1249 1077 1307; x_wconf 85' lang='grc'>1313</span> <span class='ocrx_word' id='word_1_60' title='bbox 1100 1253 1204 1323; x_wconf 88' lang='grc'>333131,</span> <span class='ocrx_word' id='word_1_61' title='bbox 1231 1251 1267 1304; x_wconf 95' lang='grc'>31</span> 
     </span>
     <span class='ocr_line' id='line_1_9' title="bbox 85 1347 1265 1430; baseline -0.002 -23"><span class='ocrx_word' id='word_1_62' title='bbox 85 1348 171 1409; x_wconf 88' lang='lat' dir='ltr'><strong>hanc</strong></span> <span class='ocrx_word' id='word_1_63' title='bbox 196 1366 332 1428; x_wconf 84' lang='lat' dir='ltr'><strong>quoquc</strong></span> <span class='ocrx_word' id='word_1_64' title='bbox 354 1348 492 1410; x_wconf 87' lang='lat' dir='ltr'><strong>fabulam</strong></span> <span class='ocrx_word' id='word_1_65' title='bbox 509 1358 579 1428; x_wconf 91' lang='lat' dir='ltr'><strong>post</strong></span> <span class='ocrx_word' id='word_1_66' title='bbox 592 1359 701 1428; x_wconf 88' lang='lat' dir='ltr'><strong>poetae</strong></span> <span class='ocrx_word' id='word_1_67' title='bbox 717 1358 846 1411; x_wconf 87' lang='lat' dir='ltr'><strong>mortem</strong></span> <span class='ocrx_word' id='word_1_68' title='bbox 861 1349 983 1412; x_wconf 88' lang='lat' dir='ltr'><strong>doctam</strong></span> <span class='ocrx_word' id='word_1_69' title='bbox 998 1368 1129 1430; x_wconf 88' lang='lat' dir='ltr'><strong>eamque</strong></span> <span class='ocrx_word' id='word_1_70' title='bbox 1145 1347 1185 1408; x_wconf 91' lang='lat' dir='ltr'>ad</span> <span class='ocrx_word' id='word_1_71' title='bbox 1201 1364 1265 1407; x_wconf 87' lang='lat' dir='ltr'>rem</span> 
     </span>
     <span class='ocr_line' id='line_1_10' title="bbox 84 1450 1267 1532; baseline -0.002 -22"><span class='ocrx_word' id='word_1_72' title='bbox 84 1459 301 1512; x_wconf 80' lang='lat' dir='ltr'>retractatam</span> <span class='ocrx_word' id='word_1_73' title='bbox 324 1467 393 1513; x_wconf 87' lang='lat' dir='ltr'><strong>esse</strong></span> <span class='ocrx_word' id='word_1_74' title='bbox 416 1471 599 1514; x_wconf 82' lang='lat' dir='ltr'><strong>censeamus</strong></span> <span class='ocrx_word' id='word_1_75' title='bbox 622 1463 653 1512; x_wconf 92' lang='lat' dir='ltr'>et</span> <span class='ocrx_word' id='word_1_76' title='bbox 674 1453 804 1532; x_wconf 82' lang='lat' dir='ltr'><strong>uestigia</strong></span> <span class='ocrx_word' id='word_1_77' title='bbox 826 1452 1026 1531; x_wconf 77' lang='lat' dir='ltr'><strong>indagemuS‚</strong></span> <span class='ocrx_word' id='word_1_78' title='bbox 1054 1450 1169 1531; x_wconf 89' lang='lat' dir='ltr'><strong>quibus</strong></span> <span class='ocrx_word' id='word_1_79' title='bbox 1191 1451 1267 1510; x_wconf 91' lang='lat' dir='ltr'><strong>haec</strong></span> 
     </span>
     <span class='ocr_line' id='line_1_11' title="bbox 84 1553 1266 1635; baseline -0.003 -21"><span class='ocrx_word' id='word_1_80' title='bbox 84 1554 256 1615; x_wconf 88' lang='lat' dir='ltr'><strong>sententia</strong></span> <span class='ocrx_word' id='word_1_81' title='bbox 288 1553 507 1633; x_wconf 82' lang='lat' dir='ltr'>comprobetur</span> <span class='ocrx_word' id='word_1_82' title='bbox 534 1564 565 1616; x_wconf 88' lang='grc'>31</span> <span class='ocrx_word' id='word_1_83' title='bbox 588 1574 786 1634; x_wconf 84' lang='lat' dir='ltr'><strong>quaeramus,</strong></span> <span class='ocrx_word' id='word_1_84' title='bbox 812 1565 966 1634; x_wconf 89' lang='lat' dir='ltr'><strong>quatenus</strong></span> <span class='ocrx_word' id='word_1_85' title='bbox 988 1554 1165 1635; x_wconf 89' lang='lat' dir='ltr'><strong>posterioris</strong></span> <span class='ocrx_word' id='word_1_86' title='bbox 1186 1570 1266 1632; x_wconf 94' lang='lat' dir='ltr'><strong>poe-</strong></span> 
     </span>
     <span class='ocr_line' id='line_1_12' title="bbox 83 1652 1261 1738; baseline -0.004 -20"><span class='ocrx_word' id='word_1_87' title='bbox 83 1659 178 1718; x_wconf 90' lang='lat' dir='ltr'><strong>tastri</strong></span> <span class='ocrx_word' id='word_1_88' title='bbox 205 1652 308 1738; x_wconf 84' lang='lat' dir='ltr'><strong>opera</strong></span> <span class='ocrx_word' id='word_1_89' title='bbox 324 1657 519 1734; x_wconf 89' lang='lat' dir='ltr'><strong>pertinuerit.</strong></span> <span class='ocrx_word' id='word_1_90' title='bbox 562 1657 624 1719; x_wconf 90' lang='lat' dir='ltr'>Sed</span> <span class='ocrx_word' id='word_1_91' title='bbox 647 1657 724 1718; x_wconf 86' lang='lat' dir='ltr'><strong>haec</strong></span> <span class='ocrx_word' id='word_1_92' title='bbox 746 1658 798 1718; x_wconf 89' lang='lat' dir='ltr'><strong>alii</strong></span> <span class='ocrx_word' id='word_1_93' title='bbox 820 1659 950 1738; x_wconf 93' lang='lat' dir='ltr'><strong>tempori</strong></span> <span class='ocrx_word' id='word_1_94' title='bbox 974 1654 1162 1717; x_wconf 89' lang='lat' dir='ltr'><strong>reseruauda</strong></span> <span class='ocrx_word' id='word_1_95' title='bbox 1179 1663 1261 1716; x_wconf 90' lang='lat' dir='ltr'><strong>sunt.</strong></span> 
     </span>
    </p>
   </div>
   <div class='ocr_carea' id='block_1_3' title="bbox 83 1825 1265 2058">
    <p class='ocr_par' dir='ltr' id='par_1_4' title="bbox 83 1825 1265 2058">
     <span class='ocr_line' id='line_1_13' title="bbox 158 1825 1263 1892; baseline -0.001 -17"><span class='ocrx_word' id='word_1_96' title='bbox 158 1829 183 1890; x_wconf 86' lang='lat' dir='ltr'>t)</span> <span class='ocrx_word' id='word_1_97' title='bbox 209 1829 346 1878; x_wconf 89' lang='lat' dir='ltr'><strong>Ceterum</strong></span> <span class='ocrx_word' id='word_1_98' title='bbox 364 1830 392 1877; x_wconf 91' lang='grc'>13</span> <span class='ocrx_word' id='word_1_99' title='bbox 411 1831 486 1878; x_wconf 82' lang='lat' dir='ltr'><strong>textu</strong></span> <span class='ocrx_word' id='word_1_100' title='bbox 504 1841 554 1892; x_wconf 90' lang='lat' dir='ltr'>pro</span> <span class='ocrx_word' id='word_1_101' title='bbox 572 1831 729 1891; x_wconf 82' lang='lat' dir='ltr'><strong>argumento</strong></span> <span class='ocrx_word' id='word_1_102' title='bbox 747 1829 786 1878; x_wconf 89' lang='lat' dir='ltr'><strong>uti</strong></span> <span class='ocrx_word' id='word_1_103' title='bbox 806 1829 879 1879; x_wconf 91' lang='lat' dir='ltr'><strong>uolui</strong></span> <span class='ocrx_word' id='word_1_104' title='bbox 898 1840 1075 1892; x_wconf 84' lang='lat' dir='ltr'><strong>personarum</strong></span> <span class='ocrx_word' id='word_1_105' title='bbox 1100 1825 1263 1883; x_wconf 86' lang='lat' dir='ltr'><strong>nominibus,</strong></span> 
     </span>
     <span class='ocr_line' id='line_1_14' title="bbox 83 1912 1265 1978; baseline -0.004 -15"><span class='ocrx_word' id='word_1_106' title='bbox 83 1927 210 1977; x_wconf 87' lang='lat' dir='ltr'><strong>quarum</strong></span> <span class='ocrx_word' id='word_1_107' title='bbox 231 1926 352 1963; x_wconf 86' lang='lat' dir='ltr'><strong>curum</strong></span> <span class='ocrx_word' id='word_1_108' title='bbox 366 1914 534 1964; x_wconf 79' lang='lat' dir='ltr'><strong>Anterastilis</strong></span> <span class='ocrx_word' id='word_1_109' title='bbox 552 1917 648 1963; x_wconf 85' lang='lat' dir='ltr'><strong>uocata</strong></span> <span class='ocrx_word' id='word_1_110' title='bbox 667 1915 710 1973; x_wconf 85' lang='lat' dir='ltr'><strong>sit,</strong></span> <span class='ocrx_word' id='word_1_111' title='bbox 731 1915 782 1962; x_wconf 91' lang='lat' dir='ltr'><strong>nisi</strong></span> <span class='ocrx_word' id='word_1_112' title='bbox 801 1915 828 1963; x_wconf 92' lang='grc'>13</span> <span class='ocrx_word' id='word_1_113' title='bbox 841 1913 941 1972; x_wconf 78' lang='lat' dir='ltr'><strong>fabula,</strong></span> <span class='ocrx_word' id='word_1_114' title='bbox 961 1926 1044 1978; x_wconf 85' lang='grc'>33331</span> <span class='ocrx_word' id='word_1_115' title='bbox 1058 1914 1175 1964; x_wconf 86' lang='lat' dir='ltr'><strong>Graecus</strong></span> <span class='ocrx_word' id='word_1_116' title='bbox 1187 1912 1265 1974; x_wconf 84' lang='lat' dir='ltr'><strong>poeta</strong></span> 
     </span>
     <span class='ocr_line' id='line_1_15' title="bbox 83 1999 788 2058; baseline 0 -10"><span class='ocrx_word' id='word_1_117' title='bbox 83 1999 209 2058; x_wconf 84' lang='lat' dir='ltr'><strong>fluxerit,</strong></span> <span class='ocrx_word' id='word_1_118' title='bbox 237 2002 338 2048; x_wconf 88' lang='lat' dir='ltr'><strong>mutuo</strong></span> <span class='ocrx_word' id='word_1_119' title='bbox 355 2000 488 2049; x_wconf 85' lang='lat' dir='ltr'><strong>amauarit</strong></span> <span class='ocrx_word' id='word_1_120' title='bbox 504 2013 606 2058; x_wconf 90' lang='lat' dir='ltr'><strong>amore,</strong></span> <span class='ocrx_word' id='word_1_121' title='bbox 627 2013 680 2048; x_wconf 91' lang='grc'>333</span> <span class='ocrx_word' id='word_1_122' title='bbox 699 1999 788 2048; x_wconf 83' lang='grc'>313133.</span> 
     </span>
    </p>
   </div>
   <div class='ocr_carea' id='block_1_4' title="bbox 0 0 1568 5028">
    <p class='ocr_par' dir='ltr' id='par_1_5' title="bbox 0 0 1568 5028">
     <span class='ocr_line' id='line_1_16' title="bbox 0 0 1568 5028; baseline 0 2"><span class='ocrx_word' id='word_1_123' title='bbox 0 0 1568 5028; x_wconf 95' lang='lat' dir='ltr'> </span> 
     </span>
    </p>
   </div>
  </div>
 </body>
</html>
