3126 5028
315 400 355 462 84
704 402 876 460 Lsoronnrs
901 402 1082 460 Rrrnuanor.

311 591 349 632 ex
380 579 559 651 argumento
589 572 698 632 horum
728 587 878 632 uersuum
909 589 1021 632 causae
1051 570 1236 649 repetendae
1267 580 1358 647 sunt,
1393 587 1475 648 quae

311 674 466 736 dubitanti
487 674 710 736 dubitationem
733 674 885 735 adimant:

396 777 514 851 Quodsi
536 787 624 858 poeta
647 778 831 853 accuratius,
858 775 934 856 quid
957 777 1109 838 Charinus
1131 776 1287 856 gessisset,
1319 792 1475 854 exponere
1559 801 1560 806 ¹

312 881 472 959 uoluisset,
498 890 579 941 certe
602 889 769 960 narrasset,
795 878 872 959 quid
893 898 950 959 per
971 879 1050 941 duos
1071 897 1169 940 annos
1192 877 1231 938 de
1245 897 1282 938 eo
1304 887 1336 938 et
1358 876 1397 937 de
1413 877 1475 936 Pa-

310 985 463 1062 sicompsa
493 983 607 1044 lactum
639 993 730 1044 esset.
771 981 829 1043 vbi
857 983 940 1042 enim
967 1001 1016 1043 us.
1043 983 1073 1060 8,
1107 1000 1147 1042 ex
1175 1001 1237 1061 quo
1266 981 1475 1060 comperimus

241 1097 248 1109 ·
311 1088 478 1157 Charinum
501 1086 661 1147 biennium
685 1083 777 1147 domo
799 1084 914 1146 afuisse
937 1103 1007 1146 cum
1030 1103 1079 1146 us.
1106 1084 1167 1144 533
1193 1094 1224 1145 et
1245 1085 1326 1144 534:

439 1191 505 1250 Pas.
535 1191 657 1250 Ecdstor
680 1190 740 1249 iam
764 1188 953 1267 bidnaihmst,
979 1169 1067 1269 quom
1088 1191 1204 1249 andum
1226 1205 1291 1248 rem
1313 1179 1420 1266 ccipit.

441 1295 510 1371 hys
532 1273 619 1366 Quid
635 1293 682 1352 ais
698 1292 751 1352 ta?
773 1293 834 1352 lom
853 1291 1041 1370 bie'uaiumst,
1068 1309 1156 1372 quom
1170 1291 1260 1352 tator
1273 1307 1338 1351 rem
1354 1290 1476 1350 tecum?

730 1394 797 1454 Pas
832 1394 928 1454 Certo.
995 1441 996 1446 1

313 1497 578 1577 comparauimus,
604 1515 675 1558 eum
699 1496 739 1557 ab
762 1498 828 1576 ipso
851 1496 936 1556 initio
966 1496 1083 1556 itineris
1106 1496 1330 1574 Pasicompsam
1353 1513 1477 1555 amasse

311 1611 448 1680 apparet.
488 1598 573 1671 Quid
595 1600 686 1678 igitur
708 1600 765 1659 hoc
780 1598 905 1659 biennio
921 1597 960 1659 de
981 1597 1082 1677 puella
1099 1598 1212 1661 lactum
1229 1597 1298 1658 esti
1320 1598 1477 1658 Secutane

311 1714 359 1764 est
389 1713 555 1763 amatorem
587 1719 684 1762 nouos
715 1710 870 1762 mercatus
899 1699 1085 1761 facientem?
1122 1700 1170 1761 An
1200 1701 1250 1761 cui
1273 1700 1382 1760 abiens
1405 1717 1476 1758 eam

313 1805 495 1866 mandauit?
533 1803 580 1866 An
604 1823 661 1884 per
682 1805 844 1886 biennium
868 1803 966 1864 Rhodi
989 1811 1188 1882 manserunt,
1215 1802 1272 1862 soli
1294 1803 1390 1863 amori
1414 1801 1477 1862 de-

311 1907 388 1968 ditir
411 1909 492 1968 Talia
509 1908 635 1968 Plautus
658 1925 714 1968 nos
736 1906 903 1983 docuisset,
929 1907 956 1966 si
978 1905 1018 1966 de
1040 1905 1173 1966 Charino
1195 1905 1297 1965 fusius
1320 1904 1476 1966 disserere

311 2012 477 2086 uoluisset3
505 2013 553 2071 sin
577 2010 705 2070 breuem
728 2010 888 2090 prologum
912 2008 1034 2069 labulae
1055 2008 1252 2088 praemittere
1275 2007 1383 2085 uoluit,
1412 2026 1472 2086 po-

312 2114 371 2173 tuit
392 2113 543 2173 omittere.

397 2214 585 2275 Deinde'us.
605 2215 732 2276 att-92
757 2222 1013 2275 comnremoratur
1034 2213 1246 2294 paedagogum
1269 2211 1332 2272 lilio
1354 2221 1477 2291 apatre
1498 2259 1502 2268 .

312 2316 470 2377 custodem
494 2318 698 2396 comitemque
721 2315 828 2377 datum
850 2335 936 2378 esse:

442 2420 569 2482 Seruom
591 2421 654 2480 ciac
675 2421 773 2499 mittit,
800 2419 855 2500 qui
874 2420 942 2480 dlim
966 2439 985 2478 a
1003 2436 1099 2500 patero
1120 2417 1250 2498 pdruolo

442 2523 516 2583 Mihi
534 2521 728 2604 poddcpopus
749 2520 863 2602 scierat,
889 2521 980 2604 quasi
1000 2522 1046 2582 uti
1067 2521 1142 2582 milti
1161 2519 1240 2602 soret

441 2625 555 2685 custos.

310 2728 453 2788 Attamen
484 2744 555 2787 cum
585 2724 780 2807 paedagogus
809 2727 864 2787 uix
892 2726 972 2788 alius
1002 2726 1168 2805 quisquam
1197 2724 1346 2804 appellari
1376 2725 1478 2804 possit

310 2849 405 2910 quam
428 2827 592 2906 Acanthio,
626 2829 680 2907 qui
709 2839 831 2906 praeter
858 2847 907 2890 us.
936 2827 995 2888 lbi
1020 2837 1051 2889 et
1075 2827 1146 2904 l55,
1180 2845 1258 2906 quos
1287 2827 1475 2888 llitschelius

310 2933 459 2993 insiticios
474 2950 544 2992 esse
563 2940 678 3008 censet,
704 2949 859 3010 nusquam
882 2931 924 2991 ita
940 2930 1138 3006 describitur,
1165 2941 1200 2990 ut
1213 2928 1381 3008 paedagogi
1397 2948 1474 2989 mu-

311 3052 385 3095 nere
408 3052 479 3112 eum
502 3033 643 3094 iunctum
666 3053 735 3094 esse
757 3042 919 3113 appareat,
956 3031 1084 3094 offendit
1105 3050 1196 3112 sane,
1229 3030 1314 3110 quod
1344 3033 1376 3092 in
1404 3033 1473 3111 ipsa

310 3137 414 3198 fabula
437 3154 593 3215 nusquam
616 3137 768 3214 reperitur
782 3136 967 3215 expositum,
993 3134 1146 3214 quomodo
1160 3132 1311 3196 Acanthio
1329 3153 1370 3194 ex
1390 3153 1473 3214 pae-

311 3238 427 3319 dagogo
448 3249 479 3300 et
501 3238 629 3300 custode
651 3237 751 3300 lactus
773 3240 814 3299 sit
835 3239 955 3300 erilium
978 3237 1142 3300 libidinum
1165 3236 1297 3298 adiutor.

396 3344 503 3421 Neque
526 3361 573 3402 us.
600 3343 738 3420 80—86,
764 3340 879 3420 quibus
895 3341 1048 3404 Charinus
1070 3350 1185 3418 narrat,
1211 3348 1375 3418 postquam
1392 3339 1472 3416 patri

311 3444 379 3506 odio
407 3464 441 3505 sc
470 3464 540 3506 esse
568 3445 755 3504 intellexerit
781 3453 813 3504 et
838 3438 974 3504 amorem
1004 3445 1135 3505 missum
1169 3440 1270 3503 lacere
1306 3441 1472 3501 consilium

310 3549 441 3628 ceperit,
471 3557 597 3627 apatre
619 3566 732 3608 nauem
758 3556 910 3607 mercatus
933 3565 1025 3608 causa
1056 3565 1090 3607 sc
1119 3546 1286 3626 petiuisse,
1322 3561 1395 3604 cum
1418 3562 1467 3604 us.

310 3650 481 3712 357-358
504 3651 712 3712 conueniunt:

442 3756 506 3814 lom
529 3755 597 3816 hinc
620 3753 688 3814 olim
710 3745 789 3836 (mc)
812 3752 942 3813 inuitam
966 3751 1050 3812 domo
1074 3752 1205 3812 detrusit
1228 3750 1266 3811 dh
1287 3767 1330 3828 sc,

440 3859 604 3917 Mcrcdtum
627 3857 672 3916 ire
696 3856 791 3916 iussit.

396 3959 482 4030 Quae
504 3956 710 4038 discrepantia
732 3976 794 4017 non
817 3957 942 4033 tollitur,
969 3955 996 4016 si
1010 3956 1185 4034 respexeris
1204 3962 1327 4035 poetam
1343 3953 1376 4013 in
1393 3971 1474 4013 can-

310 4062 378 4121 ticis
401 4060 506 4121 uerbis
530 4061 653 4122 solitum
677 4078 747 4142 esse
771 4077 818 4119 res
841 4077 970 4138 augere:
997 4058 1079 4119 lilius
1103 4067 1185 4118 certe
1207 4074 1267 4117 non
1287 4075 1345 4117 sua
1362 4064 1473 4137 sponte

310 4163 367 4224 sed
389 4171 511 4224 coactus
534 4182 551 4224 a
574 4173 661 4242 patre
684 4181 795 4223 nauem
818 4160 1009 4222 conscendit.
