3116 5020
310 416 373 478 256
734 413 888 476 Eurnnnrs
911 415 1035 476 Bonum.

871 585 900 670 o

393 692 432 754 Vt
447 691 479 752 in
495 687 785 770 interrogationibus
801 707 841 750 ex
855 690 953 752 nescio
968 688 1178 770 pendentibus
1194 695 1225 750 et
1240 686 1414 749 indicatiuus
1427 695 1450 747 et

309 793 525 856 coniunctiuus
540 791 729 871 occurrebat,
756 792 797 853 ita
813 810 868 854 eae
883 811 1007 873 quoque
1025 792 1289 872 interrogationes,
1315 809 1389 870 quae
1401 790 1450 850 scio

309 898 468 960 enuntiato
479 896 624 976 primario
639 895 824 958 subiunctae
837 905 920 976 suut,
936 904 967 958 et
981 895 1185 958 indicatiuum
1197 903 1229 956 et
1239 893 1449 956 coniunctiuun

308 999 485 1062 ostendunt.
512 1000 663 1072 Quamuis
674 1017 748 1061 uero
760 1000 793 1060 in
807 999 864 1060 hoc
876 1000 1147 1080 interrogationum
1162 1017 1275 1080 genere
1291 996 1446 1076 discrimen,

307 1102 390 1184 quod
412 1101 575 1165 intercedit
596 1103 676 1164 inter
698 1120 761 1184 eas,
788 1119 868 1182 quae
890 1103 1122 1166 coniunctiuum
1144 1112 1176 1164 ct
1197 1120 1260 1180 eas,
1287 1119 1363 1181 quae
1376 1099 1449 1160 indi-

307 1209 443 1269 catiuum
466 1204 633 1285 praebent,
668 1223 730 1267 non
752 1223 851 1285 aeque
873 1195 993 1286 insigne
1023 1217 1054 1270 et
1081 1207 1282 1289 perspicuum
1310 1206 1348 1266 sit
1373 1187 1448 1282 atque

307 1312 338 1370 in
355 1310 425 1389 illis,
445 1327 524 1389 quae
547 1326 586 1370 ex
607 1309 704 1369 nescio
728 1307 874 1388 pendent,
901 1309 1031 1372 tortasse
1053 1318 1156 1372 tamen
1172 1327 1212 1369 ex
1226 1307 1373 1370 similibus
1387 1307 1448 1385 qui-

306 1412 440 1474 busdam
465 1412 566 1472 causis
589 1421 621 1473 et
642 1409 829 1474 indicatiuus
845 1421 876 1489 et
898 1414 1115 1476 coniunctiuus
1137 1411 1265 1493 pmiecti
1288 1401 1366 1473 sunt:
1390 1427 1447 1468 narn

873 1513 899 1596 a)

306 1618 361 1681 ubi
383 1618 625 1682 indioatiuus
649 1617 681 1676 in
705 1618 863 1680 enuntiato
884 1617 1067 1681 secundario
1090 1619 1233 1698 occurrit,
1259 1633 1382 1678 neeesse
1401 1623 1446 1689 est,

307 1732 342 1783 ut
356 1722 489 1784 uerbum
504 1722 574 1791 scio,
601 1719 684 1800 quod
703 1719 971 1800 interrogationem
993 1730 1169 1783 constanter
1183 1718 1347 1805 praecedit,
1364 1734 1450 1794 neque

308 1843 379 1886 cum
402 1825 435 1886 ui
458 1824 605 1894 efferatur
626 1841 728 1903 neque
751 1841 822 1885 cum
845 1825 935 1886 tertio
957 1824 1091 1904 quodam
1115 1825 1276 1886 enuntiato
1298 1821 1448 1897 cohaereat,

307 1937 400 2007 atque
423 1936 459 1989 ut
482 1925 520 1987 de
543 1927 661 1987 actione
689 1928 838 1988 enuntiati
869 1927 1043 1990 secundarii
1072 1937 1191 1989 constet
1220 1935 1251 1988 et
1280 1923 1408 2005 quaestio
1426 1922 1451 1980 in

308 2031 487 2110 pronomine
502 2030 719 2109 interrogatiuo
735 2030 799 2091 solo
811 2039 967 2093 uertatur:
982 2030 1069 2092 uelut
1078 2033 1146 2092 Scio
1159 2031 1232 2114 qnid
1242 2029 1340 2108 fecisti
1352 2025 1451 2087 dictum

307 2144 355 2195 est
375 2153 432 2215 pro
457 2133 563 2194 Fecisti
589 2132 737 2214 (aliquid),
765 2133 825 2196 scio
848 2134 922 2216 quid
949 2132 1021 2216 (sit).
1058 2135 1164 2214 ltaque
1185 2134 1216 2194 in
1233 2133 1281 2194 his
1297 2132 1452 2208 interroga-

308 2237 446 2299 tionibus
469 2254 531 2298 non
553 2244 651 2298 totum
675 2237 869 2298 enuntiatum
900 2237 1119 2300 secundarium
1146 2236 1305 2298 enuntiato
1327 2232 1454 2314 primario

313 2338 394 2424 (scio)
421 2340 512 2418 plane
534 2339 735 2402 subiunctum
755 2350 814 2420 est,
840 2339 897 2402 sed
920 2343 980 2403 scio
995 2342 1037 2402 ita
1057 2359 1119 2401 non
1134 2339 1267 2421 pertinet
1281 2336 1322 2400 ad
1337 2335 1455 2399 uerbum

310 2443 460 2504 enuntiati
477 2442 662 2523 secundarii,
689 2451 725 2505 ut
739 2463 810 2504 cum
825 2445 889 2506 solo
904 2445 1086 2525 pronomine
1103 2445 1320 2524 interrogatiuo
1338 2440 1456 2502 coniun-

310 2556 409 2628 gatur,
434 2565 567 2626 quocum
591 2547 721 2608 similem
738 2547 770 2607 in
793 2546 918 2610 modurn
942 2557 1035 2626 atque
1056 2549 1155 2610 nescio
1178 2550 1255 2630 qais,
1279 2546 1375 2608 nescio
1395 2541 1458 2624 qnid

308 2651 462 2712 artissime
481 2650 632 2710 cohaeret.
674 2647 776 2731 Atque
799 2662 834 2712 ut
848 2652 946 2714 nescio
969 2650 1058 2712 uerbi
1080 2652 1164 2713 notio
1186 2649 1381 2728 debilitatur,
1410 2645 1457 2707 ubi

310 2772 381 2814 cum
411 2753 591 2832 pronomine
620 2754 837 2834 interrogation
872 2757 1069 2817 coniunctum
1098 2755 1288 2835 pronominis
1321 2748 1459 2813 indefiniti

309 2855 561 2936 significationem
590 2857 717 2936 accipit,
751 2857 792 2919 ita
821 2858 882 2920 scio
910 2877 1034 2938 quoque
1063 2859 1186 2920 notione
1216 2844 1351 2938 quodam
1379 2853 1460 2914 modo

309 2959 466 3022 debilitata
497 2978 567 3020 curn
596 2962 776 3039 pronomine
807 2963 1027 3041 interrogatiuo
1055 2961 1118 3024 lere
1140 2963 1172 3022 in
1200 2979 1294 3022 unam
1317 2961 1460 3020 notionem

309 3065 385 3125 coit:
419 3063 476 3124 hoe
504 3063 587 3123 enirn
619 3063 770 3125 uocabulo
799 3065 831 3124 in
853 3064 902 3126 his
932 3065 1100 3127 enuntiatis
1129 3064 1207 3125 alter
1235 3074 1290 3126 aut
1316 3063 1399 3124 alteri
1424 3063 1460 3121 ita

308 3166 542 3245 interloquitur,
576 3175 611 3227 ut
633 3167 660 3226 is
683 3167 808 3227 omnino
830 3167 928 3228 uerba
958 3167 1056 3229 lacere
1087 3176 1232 3248 nequeat,
1265 3175 1320 3228 aut
1341 3166 1462 3227 alterurn

309 3270 487 3350 loquentem
523 3269 707 3350 interpellat.
756 3269 997 3332 similitudinem
1038 3270 1194 3350 quandam
1234 3269 1384 3351 praebent
1417 3269 1462 3328 illa

309 3373 478 3450 enuntiata,
505 3390 584 3452 quac
608 3391 798 3453 quamquam
820 3392 877 3453 per
898 3384 1083 3436 structuram
1106 3374 1276 3436 aecusatiui
1302 3392 1373 3434 cum
1394 3371 1465 3432 infi-

308 3476 406 3548 nitiuo
428 3494 468 3537 ex
490 3477 550 3537 scio
573 3477 730 3538 enuntiato
758 3478 903 3558 primario
925 3477 1063 3558 pendere
1091 3496 1149 3557 par
1177 3486 1241 3557 est,
1274 3476 1314 3539 ob
1340 3474 1464 3537 eandem

308 3579 389 3640 hanc
423 3596 548 3640 causam
583 3578 757 3640 liberiorem
790 3591 978 3644 structuram
1003 3599 1078 3662 prae
1104 3599 1139 3642 se
1171 3580 1285 3660 ferunt,
1327 3590 1361 3642 ut
1387 3581 1461 3640 Eun.

309 3682 371 3740 888
394 3680 438 3762 (V,
459 3673 489 3761 2,
510 3681 558 3764 49)
589 3683 741 3761 Emoriar,
768 3685 796 3746 si
818 3704 876 3746 nort
899 3685 976 3746 banc
998 3703 1128 3746 umorem
1144 3683 1272 3746 duoeero.
1292 3680 1305 3766 ΙΙ
1324 3685 1430 3744 Temen
1444 3684 1468 3743 si

306 3792 432 3865 pater..
452 3781 465 3868 Ι)
483 3785 585 3860 Qor'dt
610 3785 648 3847 alr
671 3787 758 3863 nolet,
785 3795 865 3850 certo
887 3789 958 3867 scio,
984 3789 1073 3849 Truc.
1100 3787 1160 3848 503
1191 3787 1235 3870 (ll,
1259 3789 1288 3867 6,
1309 3785 1359 3869 26)
1387 3788 1466 3850 licus

309 3895 371 3950 est:
396 3889 457 3950 scio
480 3889 542 3949 iarn
565 3888 603 3950 dc
631 3891 825 3970 argumentis.
865 3887 1057 3972 Aliquotiens
1087 3892 1282 3954 enuntiatum
1313 3889 1466 3954 secunda-

309 3992 407 4070 rium,
442 3990 527 4070 quod
556 3991 644 4063 iacile
665 3993 768 4054 animo
791 3995 929 4075 suppleri
951 4004 1061 4074 potest,
1094 3995 1258 4056 omittitur:
1292 3997 1383 4058 True.
1408 3995 1461 4054 50t

316 4092 361 4174 (ll,
381 4095 410 4174 6,
431 4095 481 4172 23)
503 4093 628 4156 Solnorn
651 4103 677 4158 te
694 4092 706 4179 ΙΙ
723 4097 809 4159 Scio:
834 4097 887 4160 sed
904 4101 1070 4180 peperitne,
1097 4099 1228 4176 obsecro,
1255 4099 1468 4162 Phronesium?

308 4194 404 4258 Andr.
435 4196 498 4257 366
533 4196 578 4280 (ll,
613 4200 642 4278 2,
674 4198 724 4281 28)
759 4203 890 4264 accessi:
929 4207 1007 4265 intro
1036 4203 1160 4285 inspecti
1173 4199 1185 4286 ΙΙ
1202 4202 1291 4264 Scio:
1331 4205 1469 4285 Magnum
