3176 5028
316 399 337 459 6
664 459 666 463 ,
755 395 906 464 dunusavs
930 400 1035 462 tauns.

318 567 419 647 Atque
443 569 493 631 itta
516 570 656 648 exceptio
679 587 748 630 curn
766 589 799 628 se
821 570 886 650 ipsa
902 578 1039 644 excuset,
1066 567 1151 647 quod,
1167 575 1266 646 poete,
1286 587 1325 630 ne
1348 567 1487 630 aiterum

317 670 457 740 iambum
469 681 651 750 sequeretur
662 671 749 748 aiter,
766 671 805 738 ita
821 671 921 738 selum
933 679 1053 750 poterat
1067 671 1194 748 euitare,
1210 679 1245 730 ut
1255 672 1379 734 omnino
1391 670 1490 730 eius-

320 773 401 840 modi
431 773 581 841 uocabula
608 773 754 850 eniteret,
787 773 930 850 citerius,
964 791 1045 853 quae
1073 781 1156 836 earet
1184 773 1241 837 bae
1265 773 1486 848 excusatione,

319 895 412 946 cansa
435 894 562 956 caesura
585 894 654 942 esse
676 875 810 953 uidetur,
835 894 917 954 quae
940 878 971 938 in
994 876 1052 938 hac
1073 894 1186 940 uersus
1200 885 1288 955 perte
1307 874 1486 938 intercedit.

185 974 191 984 '
320 979 376 1044 Est
395 988 500 1046 autem
516 987 618 1047 nostra
640 977 680 1046 de
696 979 842 1046 homenis
863 980 940 1044 ratio
961 977 1093 1044 aduersa
1118 977 1216 1041 imme
1236 978 1387 1040 contraria
1404 979 1491 1038 Por-

319 1101 397 1149 souo
413 1081 452 1149 de
469 1083 593 1147 Graecis
608 1083 775 1162 exponenti
791 1081 822 1142 in
838 1081 1026 1159 praefatione
1043 1079 1186 1145 Hecubae
1202 1080 1397 1159 Euripideae,
1425 1080 1491 1142 Vbi

322 1185 405 1252 enim
427 1185 485 1249 hon
507 1194 555 1248 est
576 1203 722 1250 caesurae
745 1203 861 1264 genus,
887 1203 943 1264 pes
967 1183 1174 1262 preponimus
1195 1184 1222 1246 si
1244 1183 1329 1262 apud
1350 1185 1491 1246 Graecos

323 1285 417 1356 debet
438 1306 507 1354 csse
531 1286 668 1365 iambus,
699 1287 812 1366 alioqui
836 1305 961 1366 semper
981 1296 1173 1367 potestesse
1199 1285 1374 1366 spondeus,
1399 1285 1492 1366 apud

323 1391 474 1462 Romanas
498 1399 689 1468 potestesse
711 1389 851 1466 iambus,
881 1389 996 1468 alioqui
1025 1407 1148 1474 semper
1176 1388 1272 1456 debet
1292 1407 1361 1454 esse
1384 1408 1492 1468 spon·-

322 1491 411 1560 deus.
449 1494 488 1560 Vt
509 1490 594 1572 apud
616 1491 758 1571 Graecos,
784 1494 824 1558 ita
849 1494 941 1558 otiam
965 1491 1048 1573 apud
1073 1493 1224 1558 Romanos
1248 1492 1331 1574 teges
1353 1493 1424 1554 ittae
1447 1491 1491 1557 ad

323 1596 532 1678 septenarium
547 1613 672 1676 quoque
688 1594 873 1663 trocheicum
890 1597 1054 1674 pertinent,
1069 1613 1172 1674 neque
1183 1613 1330 1660 ueremur
1344 1615 1384 1660 ne
1396 1613 1493 1659 erre-

326 1717 406 1776 mus,
425 1700 450 1759 si
466 1697 548 1766 idem
564 1697 603 1761 de
618 1697 749 1759 iambico
765 1699 917 1764 octonario
932 1698 1070 1766 ualuisse
1085 1697 1310 1776 contendimus,
1336 1698 1390 1776 qui
1410 1716 1492 1762 uer-

325 1819 380 1862 sus
403 1811 434 1863 et
456 1801 522 1880 ipse
545 1801 577 1862 in
592 1800 729 1870 iambum
745 1800 877 1866 desinat.
906 1799 969 1868 Sed
985 1802 1061 1862 haec
1077 1818 1214 1879 caesura,
1239 1801 1491 1864 semincuenaria

176 1970 179 1977 ¹
269 1927 271 1931 ·
324 1904 356 1962 in
372 1905 502 1981 senario,
523 1904 552 1964 in
568 1904 743 1984 septenario
757 1913 828 1984 post
842 1915 965 1970 sextum
981 1905 1159 1970 trochaeum
1175 1903 1377 1980 intercedens,
1391 1922 1492 1968 eem-

325 2021 382 2084 per
404 2014 524 2080 tantum
546 2006 727 2075 secundario
751 2025 820 2074 esse
841 2007 958 2086 potuit:
994 2025 1066 2068 nam
1089 2008 1115 2070 si
1139 2006 1256 2074 recedis
1287 2026 1304 2068 a
1333 2005 1492 2070 diheeresi

326 2109 456 2186 secani,
487 2127 548 2175 una
571 2129 606 2178 ea
629 2120 677 2178 est
698 2127 824 2176 caesura
848 2110 948 2174 solum
971 2109 1056 2190 apud
1078 2110 1219 2175 Plautum
1242 2119 1273 2172 et
1295 2109 1488 2185 Terentium,

326 2221 358 2279 et
378 2210 465 2290 apud
486 2212 541 2274 hos
558 2230 681 2292 quoque
696 2213 862 2282 rarissimis
881 2213 1032 2291 exemplis
1054 2213 1244 2290 confirmata,
1269 2213 1357 2280 uelut
1371 2211 1490 2289 Amph.

330 2314 423 2381 iiii:
452 2317 495 2377 Tu
517 2333 585 2382 curn
601 2312 777 2382 'Alcumena
791 2318 892 2383 uoedre
908 2316 1061 2396 cntionem
1082 2315 1112 2378 in
1134 2313 1138 2399 i
1157 2317 1300 2398 peritiam.
1331 2315 1392 2379 Mil.
1414 2316 1490 2378 tan:

331 2416 419 2486 Video
442 2417 522 2492 iilum
547 2421 677 2486 emicent
699 2418 801 2488 erilem
824 2415 944 2486 Athenis
964 2414 970 2496 Ι
989 2419 1068 2498 qnce'
1088 2416 1162 2496 fnit.
1200 2417 1260 2484 hd.
1287 2419 1360 2482 463;
1395 2419 1494 2492 Quem

327 2517 426 2604 fretai
446 2519 647 2600 adoptaverint
671 2516 916 2604 dedistiteque
940 2519 1017 2584 boni.
1060 2517 1118 2586 Ad.
1147 2521 1218 2584 45οε
1247 2521 1300 2584 Pol
1321 2519 1405 2582 hacid
1425 2539 1493 2600 pn·-

330 2628 448 2689 ternum
464 2621 538 2688 r'stdc
553 2623 667 2690 ‹tednnt
692 2621 696 2706 Ι
719 2623 865 2694 Videlicet.
885 2658 928 2672 -
942 2620 1072 2703 Saepius
1095 2624 1299 2690 inueniuntur
1312 2623 1340 2684 ei
1363 2640 1491 2701 uersus,

330 2722 445 2801 quibus
469 2712 590 2803 praeter
612 2725 786 2788 diheeresin
802 2744 930 2788 caesura
953 2727 1165 2789 semitemaria
1181 2725 1306 2794 additur
1327 2725 1368 2790 ed
1390 2727 1494 2791 semi-

330 2828 546 2907 noueneriam,
581 2829 668 2898 uelut
697 2828 809 2912 Amph.
838 2829 910 2893 437;
937 2832 1001 2905 Quo
1020 2833 1110 2910 pecto
1131 2829 1135 2911 Ι
1154 2831 1192 2892 sit
1213 2829 1298 2894 denis
1320 2826 1477 2912 donaturi

329 2927 488 3008 pithonis·
528 2929 613 3000 Asin.
635 2932 707 3000 788:
742 2935 841 2994 Deme:
868 2932 935 2994 istic
954 2930 958 3015 Ι
978 2933 1113 3012 equidem
1130 2931 1210 2998 ittam
1226 2929 1365 3016 mortarii
1384 2935 1492 3012 ye'sh'c.

332 3030 393 3096 Mil.
415 3032 507 3094 tite:
536 3037 682 3115 Copndtos
702 3034 706 3112 i
725 3033 911 3113 persuadere
927 3036 1038 3098 amicos
1058 3030 1064 3117 Ι
1083 3036 1196 3115 cocere.
1230 3035 1320 3100 Poen.
1339 3034 1416 3116 prol.
1440 3035 1492 3096 74;

278 3155 281 3161 ’
335 3134 472 3213 anientt'
490 3137 495 3212 Ι
516 3136 678 3204 it'herdrnm
706 3138 787 3201 mori
804 3133 810 3220 Ι
830 3134 999 3202 meliorum.
1040 3137 1178 3216 itemque
1205 3135 1290 3216 apud
1315 3139 1495 3200 Terentium

333 3233 371 3302 oi.
398 3233 458 3296 hd.
479 3237 528 3298 ta.
555 3238 606 3298 57.
633 3239 707 3306 355,
734 3240 807 3301 389.
829 3274 867 3290 *-
884 3239 1006 3316 Optime
1021 3257 1107 3318 sane,
1126 3241 1152 3303 si
1168 3239 1254 3304 libris
1269 3242 1382 3306 nostris
1399 3258 1497 3304 manu

333 3338 454 3423 scriptis
479 3341 573 3412 maior
595 3340 671 3408 fides
695 3341 802 3410 haberi
826 3350 939 3421 posset,
966 3342 994 3402 ei
1016 3360 1127 3404 uersus
1149 3361 1308 3409 caesuram
1324 3343 1408 3410 iilam
1434 3342 1497 3404 de-

333 3451 549 3520 monstrarent,
576 3443 607 3502 in
631 3444 746 3522 quibus
769 3443 871 3505 medio
892 3444 971 3522 pede
987 3445 1094 3525 quinto
1110 3446 1212 3507 hiatus
1228 3455 1276 3507 est
1295 3447 1494 3526 conspicuus,

334 3543 422 3614 uelut
444 3546 532 3626 Capt.
559 3547 631 3609 682:
661 3549 737 3610 Dum
760 3566 796 3616 ne
819 3546 853 3608 dh
869 3546 1032 3626 malefecia
1053 3551 1186 3627 peream,
1210 3550 1305 3628 putari
1324 3548 1327 3622 Ι
1348 3551 1494 3609 aerternae.

335 3656 366 3705 et
394 3648 439 3707 sie
467 3658 625 3727 praeterea
645 3647 766 3728 hmph.
794 3647 866 3711 ste.
893 3649 965 3710 897.
999 3647 1085 3713 Asin.
1114 3649 1185 3712 760.
1220 3651 1328 3716 Bacch.
1356 3650 1384 3711 7.
1417 3651 1493 3710 307.

336 3749 410 3809 Cist.
438 3750 502 3828 13,
532 3751 580 3810 ii.
607 3752 698 3812 Cure.
726 3751 798 3820 358.
827 3749 899 3812 445.
932 3751 1023 3830 Epid.
1050 3752 1141 3831 1113,
1170 3753 1219 3812 47.
1246 3755 1322 3817 Men.
1350 3753 1426 3831 proi.
1460 3753 1495 3812 t3

336 3860 367 3911 et
390 3853 440 3911 t0.
469 3852 539 3913 476.
567 3853 639 3914 ete.
667 3855 739 3921 536.
768 3853 840 3914 533.
868 3853 942 3918 563.
982 3853 1040 3920 ttit.
1069 3857 1098 3918 4.
1140 3857 1225 3918 Most.
1253 3857 1305 3919 24.
1331 3857 1382 3915 39.
1419 3855 1493 3916 635.

336 3954 417 4020 Pers.
445 3953 496 4016 67.
524 3955 596 4022 637.
622 3957 711 4026 roeo.
738 3958 749 4018 l
773 3959 803 4035 3,
830 3958 882 4024 34,
908 3957 944 4034 11,
970 3958 1021 4026 33.
1050 3959 1073 4018 V
1098 3961 1127 4036 3,
1149 3959 1199 4022 65.
1227 3958 1307 4024 aud.
1325 3959 1398 4022 533.
1420 3959 1494 4016 859.

338 4058 433 4118 Stich.
460 4056 532 4118 274.
560 4059 642 4124 Trin.
672 4059 720 4120 45.
751 4059 822 4124 458.
849 4059 921 4130 533.
964 4058 1064 4138 Atque
1087 4079 1147 4128 non
1179 4061 1277 4124 solnm
1308 4061 1339 4124 in
1368 4061 1497 4121 senariis

338 4177 449 4220 uerum
480 4161 571 4224 etiam
601 4161 633 4224 in
662 4163 844 4239 septenariis
874 4162 1034 4226 trochaicis
1064 4162 1171 4229 eodem
1205 4163 1269 4228 loco
1298 4163 1400 4224 hiatus
1431 4181 1498 4224 raro
