<?xml version="1.0" encoding="UTF-8"?>
<!DOCTYPE html PUBLIC "-//W3C//DTD XHTML 1.0 Transitional//EN"
    "http://www.w3.org/TR/xhtml1/DTD/xhtml1-transitional.dtd">
<html xmlns="http://www.w3.org/1999/xhtml" xml:lang="en" lang="en">
 <head>
  <title>
</title>
<meta http-equiv="Content-Type" content="text/html;charset=utf-8" />
  <meta name='ocr-system' content='tesseract 3.04.00' />
  <meta name='ocr-capabilities' content='ocr_page ocr_carea ocr_par ocr_line ocrx_word'/>
</head>
<body>
  <div class='ocr_page' id='page_1' title='image "./studiainpriscos00studgoog_0055.png"; bbox 0 0 3176 5028; ppageno 0'>
   <div class='ocr_carea' id='block_1_1' title="bbox 313 325 1025 412">
    <p class='ocr_par' dir='ltr' id='par_1_1' title="bbox 313 325 1025 412">
     <span class='ocr_line' id='line_1_1' title="bbox 313 325 1025 412; baseline -0.007 0"><span class='ocrx_word' id='word_1_1' title='bbox 313 325 362 412; x_wconf 83' lang='grc' dir='ltr'><em>40Ι</em></span> <span class='ocrx_word' id='word_1_2' title='bbox 749 349 898 409; x_wconf 82' lang='lat' dir='ltr'><em>Arcvsrvs</em></span> <span class='ocrx_word' id='word_1_3' title='bbox 923 350 1025 408; x_wconf 81' lang='lat' dir='ltr'><em>chus</em></span> 
     </span>
    </p>
   </div>
   <div class='ocr_carea' id='block_1_2' title="bbox 293 513 1493 4198">
    <p class='ocr_par' dir='ltr' id='par_1_2' title="bbox 401 513 1478 684">
     <span class='ocr_line' id='line_1_2' title="bbox 401 513 1478 604; baseline -0.005 -22"><span class='ocrx_word' id='word_1_4' title='bbox 401 526 460 582; x_wconf 87' lang='lat' dir='ltr'><em>ch</em></span> <span class='ocrx_word' id='word_1_5' title='bbox 489 522 619 595; x_wconf 78' lang='lat' dir='ltr'><em>rodoam,</em></span> <span class='ocrx_word' id='word_1_6' title='bbox 648 524 677 582; x_wconf 89' lang='lat' dir='ltr'><em>si</em></span> <span class='ocrx_word' id='word_1_7' title='bbox 705 524 751 582; x_wconf 81' lang='lat' dir='ltr'><em>ord</em></span> <span class='ocrx_word' id='word_1_8' title='bbox 778 522 825 581; x_wconf 86' lang='lat' dir='ltr'><em>uis</em></span> <span class='ocrx_word' id='word_1_9' title='bbox 852 513 1002 604; x_wconf 75' lang='lat' dir='ltr'><em>(termam).</em></span> <span class='ocrx_word' id='word_1_10' title='bbox 1052 513 1113 578; x_wconf 73' lang='lat' dir='ltr'><em>E‘ho</em></span> <span class='ocrx_word' id='word_1_11' title='bbox 1140 520 1237 595; x_wconf 82' lang='lat' dir='ltr'><em>istinc,</em></span> <span class='ocrx_word' id='word_1_12' title='bbox 1266 519 1478 595; x_wconf 75' lang='lat' dir='ltr'><em>Gdatha&#39;rri,</em></span> 
     </span>
     <span class='ocr_line' id='line_1_3' title="bbox 731 625 863 684; baseline -0.008 -1"><span class='ocrx_word' id='word_1_13' title='bbox 731 625 863 684; x_wconf 87' lang='lat' dir='ltr'><em>statim</em></span> 
     </span>
    </p>

    <p class='ocr_par' dir='ltr' id='par_1_3' title="bbox 293 722 1493 4198">
     <span class='ocr_line' id='line_1_4' title="bbox 402 722 1350 806; baseline -0.005 -20"><span class='ocrx_word' id='word_1_14' title='bbox 402 725 472 787; x_wconf 86' lang='lat' dir='ltr'><em>hibe</em></span> <span class='ocrx_word' id='word_1_15' title='bbox 499 726 671 786; x_wconf 69' lang='lat' dir='ltr'><em>Telestidem</em></span> <span class='ocrx_word' id='word_1_16' title='bbox 695 723 753 786; x_wconf 83' lang='lat' dir='ltr'><em>tto</em></span> <span class='ocrx_word' id='word_1_17' title='bbox 773 725 896 806; x_wconf 90' lang='lat' dir='ltr'><em>prodire</em></span> <span class='ocrx_word' id='word_1_18' title='bbox 919 722 1021 801; x_wconf 77' lang='lat' dir='ltr'><em>filiam</em></span> <span class='ocrx_word' id='word_1_19' title='bbox 1046 733 1115 785; x_wconf 82' lang='lat' dir='ltr'><em>oute</em></span> <span class='ocrx_word' id='word_1_20' title='bbox 1139 724 1222 784; x_wconf 86' lang='lat' dir='ltr'><em>aedis</em></span> <span class='ocrx_word' id='word_1_21' title='bbox 1244 741 1350 783; x_wconf 85' lang='lat' dir='ltr'><em>meum.</em></span> 
     </span>
     <span class='ocr_line' id='line_1_5' title="bbox 316 824 1480 912; baseline -0.004 -23"><span class='ocrx_word' id='word_1_22' title='bbox 316 849 371 912; x_wconf 81' lang='lat' dir='ltr'><em>pro</em></span> <span class='ocrx_word' id='word_1_23' title='bbox 401 831 429 891; x_wconf 92' lang='lat' dir='ltr'><em>si</em></span> <span class='ocrx_word' id='word_1_24' title='bbox 450 848 494 890; x_wconf 92' lang='lat' dir='ltr'><em>me</em></span> <span class='ocrx_word' id='word_1_25' title='bbox 517 830 566 889; x_wconf 88' lang='lat' dir='ltr'><em>ais</em></span> <span class='ocrx_word' id='word_1_26' title='bbox 588 829 620 887; x_wconf 93' lang='lat' dir='ltr'><em>in</em></span> <span class='ocrx_word' id='word_1_27' title='bbox 643 827 709 888; x_wconf 90' lang='lat' dir='ltr'><em>cod.</em></span> <span class='ocrx_word' id='word_1_28' title='bbox 736 829 801 887; x_wconf 92' lang='lat' dir='ltr'><em>Par.</em></span> <span class='ocrx_word' id='word_1_29' title='bbox 829 836 914 886; x_wconf 87' lang='lat' dir='ltr'><em>extat</em></span> <span class='ocrx_word' id='word_1_30' title='bbox 936 828 1030 901; x_wconf 81' lang='lat' dir='ltr'><em>silae;</em></span> <span class='ocrx_word' id='word_1_31' title='bbox 1066 827 1170 887; x_wconf 82' lang='lat' dir='ltr'><em>uiuam</em></span> <span class='ocrx_word' id='word_1_32' title='bbox 1193 824 1313 886; x_wconf 75' lang='lat' dir='ltr'>addidit</span> <span class='ocrx_word' id='word_1_33' title='bbox 1334 826 1480 903; x_wconf 88' lang='lat' dir='ltr'><em>Gepper-</em></span> 
     </span>
     <span class='ocr_line' id='line_1_6' title="bbox 316 927 1477 1010; baseline -0.006 -17"><span class='ocrx_word' id='word_1_34' title='bbox 316 943 376 1010; x_wconf 90' lang='lat' dir='ltr'><em>tus,</em></span> <span class='ocrx_word' id='word_1_35' title='bbox 403 933 574 992; x_wconf 89' lang='lat' dir='ltr'><em>amiserunt</em></span> <span class='ocrx_word' id='word_1_36' title='bbox 596 930 666 990; x_wconf 84' lang='lat' dir='ltr'>libri</span> <span class='ocrx_word' id='word_1_37' title='bbox 689 949 807 1007; x_wconf 90' lang='lat' dir='ltr'><em>omnes,</em></span> <span class='ocrx_word' id='word_1_38' title='bbox 834 929 1028 990; x_wconf 82' lang='lat' dir='ltr'>Camerarius</span> <span class='ocrx_word' id='word_1_39' title='bbox 1050 930 1221 988; x_wconf 85' lang='lat' dir='ltr'><em>coniecerat</em></span> <span class='ocrx_word' id='word_1_40' title='bbox 1235 930 1360 1002; x_wconf 81' lang='lat' dir='ltr'><em>uiuere,·</em></span> <span class='ocrx_word' id='word_1_41' title='bbox 1383 927 1477 988; x_wconf 89' lang='lat' dir='ltr'><em>codd.</em></span> 
     </span>
     <span class='ocr_line' id='line_1_7' title="bbox 315 1031 1482 1095; baseline -0.003 -2"><span class='ocrx_word' id='word_1_42' title='bbox 315 1036 381 1095; x_wconf 91' lang='lat' dir='ltr'><em>Par.</em></span> <span class='ocrx_word' id='word_1_43' title='bbox 408 1042 439 1094; x_wconf 91' lang='lat' dir='ltr'><em>et</em></span> <span class='ocrx_word' id='word_1_44' title='bbox 460 1034 533 1095; x_wconf 89' lang='lat' dir='ltr'><em>Pall.</em></span> <span class='ocrx_word' id='word_1_45' title='bbox 560 1053 618 1093; x_wconf 86' lang='lat' dir='ltr'><em>om.</em></span> <span class='ocrx_word' id='word_1_46' title='bbox 646 1035 743 1095; x_wconf 81' lang='lat' dir='ltr'><em>istinc.</em></span> <span class='ocrx_word' id='word_1_47' title='bbox 792 1034 941 1092; x_wconf 82' lang='lat' dir='ltr'><em>Bnutem</em></span> <span class='ocrx_word' id='word_1_48' title='bbox 964 1031 1103 1092; x_wconf 80' lang='lat' dir='ltr'><em>exbibet:</em></span> <span class='ocrx_word' id='word_1_49' title='bbox 1134 1065 1172 1076; x_wconf 90' lang='lat'><em>--</em></span> <span class='ocrx_word' id='word_1_50' title='bbox 1199 1031 1257 1090; x_wconf 86' lang='lat' dir='ltr'><em>Eho</em></span> <span class='ocrx_word' id='word_1_51' title='bbox 1280 1031 1369 1091; x_wconf 81' lang='lat' dir='ltr'><em>istinc</em></span> <span class='ocrx_word' id='word_1_52' title='bbox 1393 1033 1482 1090; x_wconf 82' lang='lat' dir='ltr'><em>Garr-</em></span> 
     </span>
     <span class='ocr_line' id='line_1_8' title="bbox 317 1133 1481 1221; baseline -0.005 -23"><span class='ocrx_word' id='word_1_53' title='bbox 317 1136 408 1198; x_wconf 87' lang='lat' dir='ltr'><em>tharo</em></span> <span class='ocrx_word' id='word_1_54' title='bbox 423 1137 489 1198; x_wconf 87' lang='lat' dir='ltr'><em>iuhe</em></span> <span class='ocrx_word' id='word_1_55' title='bbox 506 1133 518 1218; x_wconf 91' lang='grc' dir='ltr'><em>Ι)</em></span> <span class='ocrx_word' id='word_1_56' title='bbox 535 1133 776 1214; x_wconf 70' lang='lat' dir='ltr'><em>Acropolistidem</em></span> <span class='ocrx_word' id='word_1_57' title='bbox 796 1135 922 1221; x_wconf 84' lang='lat' dir='ltr'><em>prodire</em></span> <span class='ocrx_word' id='word_1_58' title='bbox 942 1136 1040 1216; x_wconf 71' lang='lat' dir='ltr'><em>filiam</em></span> <span class='ocrx_word' id='word_1_59' title='bbox 1063 1155 1093 1193; x_wconf 91' lang='lat' dir='ltr'><em>a.</em></span> <span class='ocrx_word' id='word_1_60' title='bbox 1112 1154 1142 1194; x_wconf 91' lang='lat' dir='ltr'><em>a.</em></span> <span class='ocrx_word' id='word_1_61' title='bbox 1161 1153 1215 1210; x_wconf 92' lang='lat' dir='ltr'><em>m.,</em></span> <span class='ocrx_word' id='word_1_62' title='bbox 1241 1142 1273 1194; x_wconf 87' lang='lat' dir='ltr'><em>et</em></span> <span class='ocrx_word' id='word_1_63' title='bbox 1294 1134 1340 1193; x_wconf 90' lang='lat' dir='ltr'><em>sic</em></span> <span class='ocrx_word' id='word_1_64' title='bbox 1361 1152 1481 1193; x_wconf 91' lang='lat' dir='ltr'><em>secun-</em></span> 
     </span>
     <span class='ocr_line' id='line_1_9' title="bbox 319 1236 1480 1316; baseline -0.003 -17"><span class='ocrx_word' id='word_1_65' title='bbox 319 1239 394 1300; x_wconf 92' lang='lat' dir='ltr'><em>dum</em></span> <span class='ocrx_word' id='word_1_66' title='bbox 433 1257 559 1298; x_wconf 91' lang='lat' dir='ltr'><em>uersum</em></span> <span class='ocrx_word' id='word_1_67' title='bbox 596 1239 687 1298; x_wconf 91' lang='lat' dir='ltr'><em>etiarn</em></span> <span class='ocrx_word' id='word_1_68' title='bbox 725 1239 818 1298; x_wconf 88' lang='lat' dir='ltr'><em>ceteri</em></span> <span class='ocrx_word' id='word_1_69' title='bbox 845 1257 916 1298; x_wconf 87' lang='lat' dir='ltr'><em>cunr</em></span> <span class='ocrx_word' id='word_1_70' title='bbox 945 1236 970 1299; x_wconf 88' lang='lat' dir='ltr'><em>A</em></span> <span class='ocrx_word' id='word_1_71' title='bbox 1002 1237 1122 1298; x_wconf 87' lang='lat' dir='ltr'><em>codices</em></span> <span class='ocrx_word' id='word_1_72' title='bbox 1150 1236 1310 1316; x_wconf 79' lang='lat' dir='ltr'><em>praebent.</em></span> <span class='ocrx_word' id='word_1_73' title='bbox 1370 1236 1480 1296; x_wconf 90' lang='lat' dir='ltr'><em>Prioris</em></span> 
     </span>
     <span class='ocr_line' id='line_1_10' title="bbox 317 1327 1481 1422; baseline -0.006 -19"><span class='ocrx_word' id='word_1_74' title='bbox 317 1327 433 1403; x_wconf 87' lang='lat' dir='ltr'><em>exitum</em></span> <span class='ocrx_word' id='word_1_75' title='bbox 464 1339 674 1402; x_wconf 82' lang='lat' dir='ltr'><em>defendebant</em></span> <span class='ocrx_word' id='word_1_76' title='bbox 701 1342 914 1401; x_wconf 85' lang='lat' dir='ltr'><em>Lachmannus</em></span> <span class='ocrx_word' id='word_1_77' title='bbox 949 1339 991 1422; x_wconf 80' lang='lat' dir='ltr'><em>(in</em></span> <span class='ocrx_word' id='word_1_78' title='bbox 1014 1343 1102 1401; x_wconf 91' lang='lat' dir='ltr'><em>Lucr.</em></span> <span class='ocrx_word' id='word_1_79' title='bbox 1127 1359 1158 1419; x_wconf 92' lang='lat' dir='ltr'><em>p.</em></span> <span class='ocrx_word' id='word_1_80' title='bbox 1186 1338 1258 1420; x_wconf 71' lang='grc'>406)</span> <span class='ocrx_word' id='word_1_81' title='bbox 1285 1348 1317 1399; x_wconf 90' lang='lat' dir='ltr'><em>et</em></span> <span class='ocrx_word' id='word_1_82' title='bbox 1339 1339 1481 1398; x_wconf 90' lang='lat' dir='ltr'><em>Fleckei-</em></span> 
     </span>
     <span class='ocr_line' id='line_1_11' title="bbox 317 1441 1480 1525; baseline -0.003 -19"><span class='ocrx_word' id='word_1_83' title='bbox 317 1465 412 1506; x_wconf 88' lang='lat' dir='ltr'><em>senus</em></span> <span class='ocrx_word' id='word_1_84' title='bbox 447 1445 531 1524; x_wconf 86' lang='lat' dir='ltr'><em>(Krit.</em></span> <span class='ocrx_word' id='word_1_85' title='bbox 564 1444 646 1503; x_wconf 86' lang='lat' dir='ltr'><em>blisc.</em></span> <span class='ocrx_word' id='word_1_86' title='bbox 678 1462 709 1521; x_wconf 92' lang='lat' dir='ltr'><em>p.</em></span> <span class='ocrx_word' id='word_1_87' title='bbox 744 1441 793 1525; x_wconf 83' lang='lat' dir='ltr'><em>te)</em></span> <span class='ocrx_word' id='word_1_88' title='bbox 826 1445 884 1522; x_wconf 90' lang='lat' dir='ltr'><em>ita,</em></span> <span class='ocrx_word' id='word_1_89' title='bbox 917 1452 952 1504; x_wconf 78' lang='lat' dir='ltr'><em>ut</em></span> <span class='ocrx_word' id='word_1_90' title='bbox 984 1444 1139 1504; x_wconf 76' lang='lat' dir='ltr'><em>Celathara</em></span> <span class='ocrx_word' id='word_1_91' title='bbox 1167 1444 1272 1502; x_wconf 80' lang='lat' dir='ltr'><em>cretici</em></span> <span class='ocrx_word' id='word_1_92' title='bbox 1301 1461 1480 1502; x_wconf 89' lang='lat' dir='ltr'><em>mensuram</em></span> 
     </span>
     <span class='ocr_line' id='line_1_12' title="bbox 317 1543 1482 1626; baseline -0.003 -18"><span class='ocrx_word' id='word_1_93' title='bbox 317 1566 449 1626; x_wconf 87' lang='lat' dir='ltr'><em>aequare</em></span> <span class='ocrx_word' id='word_1_94' title='bbox 483 1554 663 1606; x_wconf 80' lang='lat' dir='ltr'><em>statuerent.</em></span> <span class='ocrx_word' id='word_1_95' title='bbox 724 1547 757 1607; x_wconf 89' lang='lat' dir='ltr'><em>C.</em></span> <span class='ocrx_word' id='word_1_96' title='bbox 791 1547 823 1606; x_wconf 88' lang='lat' dir='ltr'><em>F.</em></span> <span class='ocrx_word' id='word_1_97' title='bbox 857 1547 893 1607; x_wconf 87' lang='lat' dir='ltr'><em>G.</em></span> <span class='ocrx_word' id='word_1_98' title='bbox 925 1546 1089 1606; x_wconf 79' lang='lat' dir='ltr'><em>Muellerus</em></span> <span class='ocrx_word' id='word_1_99' title='bbox 1133 1546 1182 1621; x_wconf 88' lang='lat' dir='ltr'>(Pl.</span> <span class='ocrx_word' id='word_1_100' title='bbox 1219 1546 1301 1605; x_wconf 90' lang='lat' dir='ltr'><em>Pros.</em></span> <span class='ocrx_word' id='word_1_101' title='bbox 1339 1563 1371 1622; x_wconf 91' lang='lat' dir='ltr'><em>p.</em></span> <span class='ocrx_word' id='word_1_102' title='bbox 1398 1543 1418 1604; x_wconf 81' lang='lat'><em>7</em></span> <span class='ocrx_word' id='word_1_103' title='bbox 1450 1555 1482 1605; x_wconf 90' lang='lat' dir='ltr'><em>et</em></span> 
     </span>
     <span class='ocr_line' id='line_1_13' title="bbox 318 1646 1481 1730; baseline -0.002 -20"><span class='ocrx_word' id='word_1_104' title='bbox 318 1650 441 1710; x_wconf 82' lang='lat' dir='ltr'><em>Nachtr.</em></span> <span class='ocrx_word' id='word_1_105' title='bbox 467 1668 499 1727; x_wconf 88' lang='lat' dir='ltr'><em>p.</em></span> <span class='ocrx_word' id='word_1_106' title='bbox 528 1647 555 1730; x_wconf 87' lang='lat' dir='ltr'><em>l)</em></span> <span class='ocrx_word' id='word_1_107' title='bbox 588 1656 692 1709; x_wconf 89' lang='lat' dir='ltr'><em>contra</em></span> <span class='ocrx_word' id='word_1_108' title='bbox 722 1649 820 1710; x_wconf 90' lang='lat' dir='ltr'><em>suasit</em></span> <span class='ocrx_word' id='word_1_109' title='bbox 846 1646 959 1709; x_wconf 89' lang='lat' dir='ltr'><em>addere</em></span> <span class='ocrx_word' id='word_1_110' title='bbox 988 1649 1058 1709; x_wconf 84' lang='lat' dir='ltr'><em>heus</em></span> <span class='ocrx_word' id='word_1_111' title='bbox 1087 1658 1158 1728; x_wconf 90' lang='lat' dir='ltr'><em>post</em></span> <span class='ocrx_word' id='word_1_112' title='bbox 1189 1648 1359 1724; x_wconf 82' lang='lat' dir='ltr'><em>Canthara,</em></span> <span class='ocrx_word' id='word_1_113' title='bbox 1397 1647 1481 1726; x_wconf 89' lang='lat' dir='ltr'><em>quod</em></span> 
     </span>
     <span class='ocr_line' id='line_1_14' title="bbox 318 1749 1482 1814; baseline -0.005 0"><span class='ocrx_word' id='word_1_114' title='bbox 318 1771 407 1814; x_wconf 91' lang='lat' dir='ltr'><em>serua</em></span> <span class='ocrx_word' id='word_1_115' title='bbox 431 1753 463 1810; x_wconf 95' lang='lat' dir='ltr'><em>in</em></span> <span class='ocrx_word' id='word_1_116' title='bbox 485 1750 618 1812; x_wconf 91' lang='lat' dir='ltr'><em>aedibus</em></span> <span class='ocrx_word' id='word_1_117' title='bbox 640 1752 733 1812; x_wconf 82' lang='lat' dir='ltr'><em>silet</em></span> <span class='ocrx_word' id='word_1_118' title='bbox 754 1749 827 1811; x_wconf 91' lang='lat' dir='ltr'><em>inde</em></span> <span class='ocrx_word' id='word_1_119' title='bbox 850 1751 943 1811; x_wconf 88' lang='lat' dir='ltr'><em>liliam</em></span> <span class='ocrx_word' id='word_1_120' title='bbox 966 1768 1121 1812; x_wconf 84' lang='lat' dir='ltr'><em>arcessere</em></span> <span class='ocrx_word' id='word_1_121' title='bbox 1144 1751 1298 1812; x_wconf 85' lang='lat' dir='ltr'><em>iubeatur.</em></span> <span class='ocrx_word' id='word_1_122' title='bbox 1337 1749 1399 1810; x_wconf 87' lang='lat' dir='ltr'><em>Sed</em></span> <span class='ocrx_word' id='word_1_123' title='bbox 1420 1769 1482 1808; x_wconf 88' lang='lat' dir='ltr'><em>ne-</em></span> 
     </span>
     <span class='ocr_line' id='line_1_15' title="bbox 320 1837 1482 1934; baseline -0.002 -20"><span class='ocrx_word' id='word_1_124' title='bbox 320 1856 414 1934; x_wconf 79' lang='lat' dir='ltr'><em>glexil</em></span> <span class='ocrx_word' id='word_1_125' title='bbox 430 1857 478 1914; x_wconf 92' lang='lat' dir='ltr'><em>uir</em></span> <span class='ocrx_word' id='word_1_126' title='bbox 493 1853 689 1914; x_wconf 86' lang='lat' dir='ltr'><em>dbctissimus</em></span> <span class='ocrx_word' id='word_1_127' title='bbox 705 1853 890 1934; x_wconf 84' lang='lat' dir='ltr'><em>praecedere</em></span> <span class='ocrx_word' id='word_1_128' title='bbox 913 1837 972 1915; x_wconf 85' lang='lat' dir='ltr'><em>ianr</em></span> <span class='ocrx_word' id='word_1_129' title='bbox 996 1853 1059 1932; x_wconf 92' lang='lat' dir='ltr'><em>eho,</em></span> <span class='ocrx_word' id='word_1_130' title='bbox 1085 1855 1134 1914; x_wconf 90' lang='lat' dir='ltr'><em>cui</em></span> <span class='ocrx_word' id='word_1_131' title='bbox 1159 1853 1229 1914; x_wconf 80' lang='lat' dir='ltr'><em>heus</em></span> <span class='ocrx_word' id='word_1_132' title='bbox 1251 1872 1377 1932; x_wconf 91' lang='lat' dir='ltr'><em>quoque</em></span> <span class='ocrx_word' id='word_1_133' title='bbox 1398 1854 1482 1914; x_wconf 90' lang='lat' dir='ltr'><em>sub-</em></span> 
     </span>
     <span class='ocr_line' id='line_1_16' title="bbox 293 1953 1483 2044; baseline -0.002 -24"><span class='ocrx_word' id='word_1_134' title='bbox 293 2039 294 2044; x_wconf 11' lang='lat'><em>*</em></span> <span class='ocrx_word' id='word_1_135' title='bbox 319 1961 444 2038; x_wconf 80' lang='lat' dir='ltr'><em>iungere</em></span> <span class='ocrx_word' id='word_1_136' title='bbox 462 1958 515 2017; x_wconf 78' lang='lat' dir='ltr'><em>uix</em></span> <span class='ocrx_word' id='word_1_137' title='bbox 537 1956 635 2017; x_wconf 86' lang='lat' dir='ltr'><em>liceat.</em></span> <span class='ocrx_word' id='word_1_138' title='bbox 654 1957 822 2017; x_wconf 91' lang='lat' dir='ltr'><em>—Omnia</em></span> <span class='ocrx_word' id='word_1_139' title='bbox 846 1956 957 2018; x_wconf 90' lang='lat' dir='ltr'><em>menda</em></span> <span class='ocrx_word' id='word_1_140' title='bbox 980 1957 1080 2018; x_wconf 86' lang='lat' dir='ltr'><em>aulert</em></span> <span class='ocrx_word' id='word_1_141' title='bbox 1101 1955 1198 2017; x_wconf 86' lang='lat' dir='ltr'><em>codex</em></span> <span class='ocrx_word' id='word_1_142' title='bbox 1213 1953 1336 2035; x_wconf 74' lang='lat' dir='ltr'><em>Ambr,</em></span> <span class='ocrx_word' id='word_1_143' title='bbox 1363 1975 1401 2016; x_wconf 85' lang='lat' dir='ltr'><em>ex</em></span> <span class='ocrx_word' id='word_1_144' title='bbox 1421 1976 1483 2035; x_wconf 91' lang='lat' dir='ltr'><em>quo</em></span> 
     </span>
     <span class='ocr_line' id='line_1_17' title="bbox 321 2059 1485 2137; baseline -0.002 -15"><span class='ocrx_word' id='word_1_145' title='bbox 321 2060 556 2122; x_wconf 80' lang='lat' dir='ltr'><em>Studemundus</em></span> <span class='ocrx_word' id='word_1_146' title='bbox 586 2059 763 2120; x_wconf 87' lang='lat' dir='ltr'><em>conicienda</em></span> <span class='ocrx_word' id='word_1_147' title='bbox 790 2060 866 2120; x_wconf 88' lang='lat' dir='ltr'><em>baec</em></span> <span class='ocrx_word' id='word_1_148' title='bbox 895 2061 1015 2121; x_wconf 88' lang='lat' dir='ltr'><em>elicuit:</em></span> <span class='ocrx_word' id='word_1_149' title='bbox 1045 2061 1104 2120; x_wconf 84' lang='lat' dir='ltr'><em>Tdc</em></span> <span class='ocrx_word' id='word_1_150' title='bbox 1127 2060 1263 2137; x_wconf 83' lang='lat' dir='ltr'><em>uideam,</em></span> <span class='ocrx_word' id='word_1_151' title='bbox 1295 2060 1324 2119; x_wconf 92' lang='lat' dir='ltr'><em>si</em></span> <span class='ocrx_word' id='word_1_152' title='bbox 1345 2063 1423 2136; x_wconf 86' lang='lat' dir='ltr'><em>mea,</em></span> <span class='ocrx_word' id='word_1_153' title='bbox 1456 2064 1485 2122; x_wconf 89' lang='lat' dir='ltr'><em>si</em></span> 
     </span>
     <span class='ocr_line' id='line_1_18' title="bbox 320 2162 1482 2229; baseline -0.004 -3"><span class='ocrx_word' id='word_1_154' title='bbox 320 2164 411 2226; x_wconf 81' lang='lat' dir='ltr'><em>solua</em></span> <span class='ocrx_word' id='word_1_155' title='bbox 433 2166 499 2224; x_wconf 86' lang='lat' dir='ltr'><em>me&#39;o</em></span> <span class='ocrx_word' id='word_1_156' title='bbox 522 2165 570 2224; x_wconf 92' lang='lat' dir='ltr'><em>sil.</em></span> <span class='ocrx_word' id='word_1_157' title='bbox 607 2163 670 2229; x_wconf 87' lang='lat' dir='ltr'><em>Eho</em></span> <span class='ocrx_word' id='word_1_158' title='bbox 693 2162 779 2224; x_wconf 77' lang='lat' dir='ltr'><em>istinc</em></span> <span class='ocrx_word' id='word_1_159' title='bbox 805 2163 972 2224; x_wconf 79' lang='lat' dir='ltr'><em>Celathara.</em></span> <span class='ocrx_word' id='word_1_160' title='bbox 1005 2162 1052 2223; x_wconf 85' lang='lat' dir='ltr'><em>Ad</em></span> <span class='ocrx_word' id='word_1_161' title='bbox 1074 2162 1203 2223; x_wconf 89' lang='lat' dir='ltr'><em>alterum</em></span> <span class='ocrx_word' id='word_1_162' title='bbox 1228 2170 1331 2222; x_wconf 87' lang='lat' dir='ltr'><em>autem</em></span> <span class='ocrx_word' id='word_1_163' title='bbox 1354 2182 1482 2223; x_wconf 89' lang='lat' dir='ltr'><em>uersum</em></span> 
     </span>
     <span class='ocr_line' id='line_1_19' title="bbox 320 2264 1484 2344; baseline -0.001 -19"><span class='ocrx_word' id='word_1_164' title='bbox 320 2265 570 2326; x_wconf 84' lang='lat' dir='ltr'><em>constituendum</em></span> <span class='ocrx_word' id='word_1_165' title='bbox 599 2266 675 2326; x_wconf 91' lang='lat' dir='ltr'><em>baec</em></span> <span class='ocrx_word' id='word_1_166' title='bbox 705 2264 875 2325; x_wconf 83' lang='lat' dir='ltr'><em>sufficiant:</em></span> <span class='ocrx_word' id='word_1_167' title='bbox 905 2267 984 2326; x_wconf 89' lang='lat' dir='ltr'><em>Sunt</em></span> <span class='ocrx_word' id='word_1_168' title='bbox 1007 2267 1038 2325; x_wconf 93' lang='lat' dir='ltr'><em>in</em></span> <span class='ocrx_word' id='word_1_169' title='bbox 1061 2264 1186 2344; x_wconf 89' lang='lat' dir='ltr'><em>Epidico</em></span> <span class='ocrx_word' id='word_1_170' title='bbox 1209 2264 1313 2326; x_wconf 86' lang='lat' dir='ltr'><em>labala</em></span> <span class='ocrx_word' id='word_1_171' title='bbox 1339 2266 1484 2324; x_wconf 91' lang='lat' dir='ltr'><em>mulieres</em></span> 
     </span>
     <span class='ocr_line' id='line_1_20' title="bbox 320 2367 1484 2448; baseline 0 -20"><span class='ocrx_word' id='word_1_172' title='bbox 320 2377 479 2448; x_wconf 84' lang='lat' dir='ltr'><em>quattuor:</em></span> <span class='ocrx_word' id='word_1_173' title='bbox 517 2370 544 2444; x_wconf 91' lang='lat' dir='ltr'><em>t)</em></span> <span class='ocrx_word' id='word_1_174' title='bbox 566 2367 703 2446; x_wconf 84' lang='lat' dir='ltr'><em>fidicina,</em></span> <span class='ocrx_word' id='word_1_175' title='bbox 738 2387 832 2446; x_wconf 91' lang='lat' dir='ltr'><em>quam</em></span> <span class='ocrx_word' id='word_1_176' title='bbox 855 2368 1004 2446; x_wconf 90' lang='lat' dir='ltr'><em>Epidicus</em></span> <span class='ocrx_word' id='word_1_177' title='bbox 1026 2369 1154 2428; x_wconf 85' lang='lat' dir='ltr'><em>amicam</em></span> <span class='ocrx_word' id='word_1_178' title='bbox 1179 2369 1391 2447; x_wconf 89' lang='lat' dir='ltr'><em>Stratippoclis</em></span> <span class='ocrx_word' id='word_1_179' title='bbox 1415 2388 1484 2428; x_wconf 89' lang='lat' dir='ltr'><em>esse</em></span> 
     </span>
     <span class='ocr_line' id='line_1_21' title="bbox 320 2471 1479 2553; baseline -0.001 -22"><span class='ocrx_word' id='word_1_180' title='bbox 320 2473 482 2532; x_wconf 85' lang='lat' dir='ltr'><em>mentitur:</em></span> <span class='ocrx_word' id='word_1_181' title='bbox 518 2472 584 2531; x_wconf 90' lang='lat' dir='ltr'><em>eius</em></span> <span class='ocrx_word' id='word_1_182' title='bbox 613 2490 724 2530; x_wconf 91' lang='lat' dir='ltr'><em>nomen</em></span> <span class='ocrx_word' id='word_1_183' title='bbox 756 2490 816 2530; x_wconf 93' lang='lat' dir='ltr'><em>non</em></span> <span class='ocrx_word' id='word_1_184' title='bbox 844 2475 1076 2549; x_wconf 73' lang='lat' dir='ltr'><em>pronuntiatur,</em></span> <span class='ocrx_word' id='word_1_185' title='bbox 1111 2472 1141 2553; x_wconf 69' lang='lat'><em>2)</em></span> <span class='ocrx_word' id='word_1_186' title='bbox 1161 2472 1256 2532; x_wconf 86' lang='lat' dir='ltr'><em>amica</em></span> <span class='ocrx_word' id='word_1_187' title='bbox 1281 2471 1479 2548; x_wconf 91' lang='lat' dir='ltr'><em>Periphanis:</em></span> 
     </span>
     <span class='ocr_line' id='line_1_22' title="bbox 320 2573 1485 2656; baseline 0 -22"><span class='ocrx_word' id='word_1_188' title='bbox 320 2577 346 2634; x_wconf 88' lang='lat' dir='ltr'><em>ei</em></span> <span class='ocrx_word' id='word_1_189' title='bbox 378 2594 490 2635; x_wconf 90' lang='lat' dir='ltr'><em>nomen</em></span> <span class='ocrx_word' id='word_1_190' title='bbox 520 2584 567 2634; x_wconf 92' lang='lat' dir='ltr'><em>est</em></span> <span class='ocrx_word' id='word_1_191' title='bbox 589 2573 761 2652; x_wconf 89' lang='lat' dir='ltr'><em>Philippae;</em></span> <span class='ocrx_word' id='word_1_192' title='bbox 790 2573 818 2656; x_wconf 83' lang='lat'><em>3)</em></span> <span class='ocrx_word' id='word_1_193' title='bbox 854 2575 913 2634; x_wconf 87' lang='lat' dir='ltr'><em>lilia</em></span> <span class='ocrx_word' id='word_1_194' title='bbox 937 2576 1113 2655; x_wconf 88' lang='lat' dir='ltr'><em>Periphanis</em></span> <span class='ocrx_word' id='word_1_195' title='bbox 1137 2585 1168 2635; x_wconf 85' lang='lat' dir='ltr'><em>el</em></span> <span class='ocrx_word' id='word_1_196' title='bbox 1188 2575 1359 2653; x_wconf 89' lang='lat' dir='ltr'><em>Philippae,</em></span> <span class='ocrx_word' id='word_1_197' title='bbox 1394 2577 1485 2634; x_wconf 89' lang='lat' dir='ltr'><em>cuius</em></span> 
     </span>
     <span class='ocr_line' id='line_1_23' title="bbox 322 2677 1479 2755; baseline -0.001 -18"><span class='ocrx_word' id='word_1_198' title='bbox 322 2697 434 2738; x_wconf 89' lang='lat' dir='ltr'><em>nornen</em></span> <span class='ocrx_word' id='word_1_199' title='bbox 464 2687 546 2738; x_wconf 89' lang='lat' dir='ltr'><em>certo</em></span> <span class='ocrx_word' id='word_1_200' title='bbox 577 2679 774 2737; x_wconf 87' lang='lat' dir='ltr'><em>confirmatur</em></span> <span class='ocrx_word' id='word_1_201' title='bbox 802 2697 832 2736; x_wconf 92' lang='lat' dir='ltr'><em>u.</em></span> <span class='ocrx_word' id='word_1_202' title='bbox 859 2678 884 2738; x_wconf 89' lang='lat' dir='ltr'>V</span> <span class='ocrx_word' id='word_1_203' title='bbox 910 2680 937 2755; x_wconf 90' lang='lat' dir='ltr'><em>t,</em></span> <span class='ocrx_word' id='word_1_204' title='bbox 965 2680 1022 2754; x_wconf 89' lang='lat'><em>30,</em></span> <span class='ocrx_word' id='word_1_205' title='bbox 1057 2678 1111 2738; x_wconf 91' lang='lat' dir='ltr'><em>ubi</em></span> <span class='ocrx_word' id='word_1_206' title='bbox 1143 2677 1289 2754; x_wconf 89' lang='lat' dir='ltr'><em>Epidicus</em></span> <span class='ocrx_word' id='word_1_207' title='bbox 1312 2678 1479 2738; x_wconf 85' lang='lat' dir='ltr'><em>exclamat:</em></span> 
     </span>
     <span class='ocr_line' id='line_1_24' title="bbox 323 2779 1485 2861; baseline 0 -21"><span class='ocrx_word' id='word_1_208' title='bbox 323 2781 432 2841; x_wconf 78' lang='lat' dir='ltr'><em>Videon</em></span> <span class='ocrx_word' id='word_1_209' title='bbox 457 2801 509 2860; x_wconf 79' lang='lat' dir='ltr'><em>epo</em></span> <span class='ocrx_word' id='word_1_210' title='bbox 536 2779 705 2842; x_wconf 79' lang='lat' dir='ltr'><em>Telestidem</em></span> <span class='ocrx_word' id='word_1_211' title='bbox 729 2787 770 2856; x_wconf 91' lang='lat' dir='ltr'><em>le,</em></span> <span class='ocrx_word' id='word_1_212' title='bbox 806 2781 987 2858; x_wconf 84' lang='lat' dir='ltr'><em>Pe&#39;rrpharre&#39;i</em></span> <span class='ocrx_word' id='word_1_213' title='bbox 1007 2782 1120 2861; x_wconf 74' lang='lat' dir='ltr'><em>filiam,</em></span> <span class='ocrx_word' id='word_1_214' title='bbox 1149 2783 1198 2842; x_wconf 78' lang='lat' dir='ltr'><em>Eae</em></span> <span class='ocrx_word' id='word_1_215' title='bbox 1221 2781 1363 2860; x_wconf 84' lang='lat' dir='ltr'><em>Philippo</em></span> <span class='ocrx_word' id='word_1_216' title='bbox 1387 2790 1485 2842; x_wconf 89' lang='lat' dir='ltr'><em>matre</em></span> 
     </span>
     <span class='ocr_line' id='line_1_25' title="bbox 318 2881 1484 2963; baseline 0.002 -21"><span class='ocrx_word' id='word_1_217' title='bbox 318 2890 422 2942; x_wconf 84' lang='lat' dir='ltr'><em>aotam</em></span> <span class='ocrx_word' id='word_1_218' title='bbox 450 2883 562 2958; x_wconf 84' lang='lat' dir='ltr'><em>Thebis,</em></span> <span class='ocrx_word' id='word_1_219' title='bbox 590 2882 742 2962; x_wconf 82' lang='lat' dir='ltr'><em>Epidauri</em></span> <span class='ocrx_word' id='word_1_220' title='bbox 763 2885 883 2942; x_wconf 81' lang='lat' dir='ltr'><em>satam?</em></span> <span class='ocrx_word' id='word_1_221' title='bbox 905 2882 984 2963; x_wconf 84' lang='lat' dir='ltr'><em>(nam</em></span> <span class='ocrx_word' id='word_1_222' title='bbox 1009 2886 1062 2961; x_wconf 90' lang='lat' dir='ltr'><em>sie,</em></span> <span class='ocrx_word' id='word_1_223' title='bbox 1088 2885 1211 2944; x_wconf 90' lang='lat' dir='ltr'><em>inuersa</em></span> <span class='ocrx_word' id='word_1_224' title='bbox 1234 2881 1351 2961; x_wconf 88' lang='lat' dir='ltr'><em>ordine,</em></span> <span class='ocrx_word' id='word_1_225' title='bbox 1371 2903 1484 2944; x_wconf 87' lang='lat' dir='ltr'><em>uersus</em></span> 
     </span>
     <span class='ocr_line' id='line_1_26' title="bbox 319 2984 1493 3065; baseline 0.001 -20"><span class='ocrx_word' id='word_1_226' title='bbox 319 3006 389 3046; x_wconf 92' lang='lat' dir='ltr'><em>curn</em></span> <span class='ocrx_word' id='word_1_227' title='bbox 405 2986 431 3046; x_wconf 86' lang='lat' dir='ltr'><em>A</em></span> <span class='ocrx_word' id='word_1_228' title='bbox 448 2985 582 3065; x_wconf 90' lang='lat' dir='ltr'><em>ponendi</em></span> <span class='ocrx_word' id='word_1_229' title='bbox 606 2984 704 3065; x_wconf 79' lang='lat' dir='ltr'><em>sunt):</em></span> <span class='ocrx_word' id='word_1_230' title='bbox 731 2994 903 3045; x_wconf 84' lang='lat' dir='ltr'><em>astantem</em></span> <span class='ocrx_word' id='word_1_231' title='bbox 927 2986 1003 3045; x_wconf 89' lang='lat' dir='ltr'><em>haec</em></span> <span class='ocrx_word' id='word_1_232' title='bbox 1026 2986 1119 3046; x_wconf 87' lang='lat' dir='ltr'><em>altera</em></span> <span class='ocrx_word' id='word_1_233' title='bbox 1138 2986 1349 3064; x_wconf 88' lang='lat' dir='ltr'><em>Stratippoclis</em></span> <span class='ocrx_word' id='word_1_234' title='bbox 1372 2988 1493 3064; x_wconf 70' lang='lat' dir='ltr'><em>amica,</em></span> 
     </span>
     <span class='ocr_line' id='line_1_27' title="bbox 320 3086 1484 3169; baseline 0 -21"><span class='ocrx_word' id='word_1_235' title='bbox 320 3108 414 3167; x_wconf 88' lang='lat' dir='ltr'><em>quam</em></span> <span class='ocrx_word' id='word_1_236' title='bbox 437 3089 551 3148; x_wconf 88' lang='lat' dir='ltr'><em>Thebis</em></span> <span class='ocrx_word' id='word_1_237' title='bbox 574 3107 678 3148; x_wconf 89' lang='lat' dir='ltr'><em>secum</em></span> <span class='ocrx_word' id='word_1_238' title='bbox 703 3086 838 3148; x_wconf 83' lang='lat' dir='ltr'><em>Athenas</em></span> <span class='ocrx_word' id='word_1_239' title='bbox 861 3087 1007 3165; x_wconf 75' lang='lat' dir='ltr'><em>adduxii,</em></span> <span class='ocrx_word' id='word_1_240' title='bbox 1035 3087 1168 3167; x_wconf 89' lang='lat' dir='ltr'><em>denique</em></span> <span class='ocrx_word' id='word_1_241' title='bbox 1193 3089 1221 3169; x_wconf 82' lang='lat' dir='ltr'><em>l)</em></span> <span class='ocrx_word' id='word_1_242' title='bbox 1249 3091 1332 3167; x_wconf 90' lang='lat' dir='ltr'><em>prior</em></span> <span class='ocrx_word' id='word_1_243' title='bbox 1348 3091 1484 3168; x_wconf 84' lang='lat' dir='ltr'><em>Stratip-</em></span> 
     </span>
     <span class='ocr_line' id='line_1_28' title="bbox 321 3187 1485 3271; baseline 0.003 -22"><span class='ocrx_word' id='word_1_244' title='bbox 321 3192 416 3270; x_wconf 91' lang='lat' dir='ltr'><em>poclis</em></span> <span class='ocrx_word' id='word_1_245' title='bbox 440 3193 547 3268; x_wconf 90' lang='lat' dir='ltr'><em>amica,</em></span> <span class='ocrx_word' id='word_1_246' title='bbox 574 3210 668 3269; x_wconf 89' lang='lat' dir='ltr'><em>quam</em></span> <span class='ocrx_word' id='word_1_247' title='bbox 692 3187 839 3269; x_wconf 89' lang='lat' dir='ltr'><em>Epidicus</em></span> <span class='ocrx_word' id='word_1_248' title='bbox 862 3201 898 3251; x_wconf 88' lang='lat' dir='ltr'><em>ut</em></span> <span class='ocrx_word' id='word_1_249' title='bbox 920 3190 1011 3250; x_wconf 87' lang='lat' dir='ltr'><em>liliam</em></span> <span class='ocrx_word' id='word_1_250' title='bbox 1039 3191 1215 3270; x_wconf 87' lang='lat' dir='ltr'><em>Periphanis</em></span> <span class='ocrx_word' id='word_1_251' title='bbox 1238 3193 1322 3271; x_wconf 89' lang='lat' dir='ltr'><em>emit,</em></span> <span class='ocrx_word' id='word_1_252' title='bbox 1352 3202 1383 3251; x_wconf 88' lang='lat' dir='ltr'><em>et</em></span> <span class='ocrx_word' id='word_1_253' title='bbox 1405 3211 1485 3271; x_wconf 90' lang='lat' dir='ltr'><em>quae</em></span> 
     </span>
     <span class='ocr_line' id='line_1_29' title="bbox 321 3293 1484 3373; baseline 0.004 -21"><span class='ocrx_word' id='word_1_254' title='bbox 321 3296 353 3353; x_wconf 90' lang='lat' dir='ltr'><em>in</em></span> <span class='ocrx_word' id='word_1_255' title='bbox 384 3293 474 3353; x_wconf 90' lang='lat' dir='ltr'><em>domo</em></span> <span class='ocrx_word' id='word_1_256' title='bbox 501 3294 680 3373; x_wconf 87' lang='lat' dir='ltr'><em>Periphanis</em></span> <span class='ocrx_word' id='word_1_257' title='bbox 710 3302 774 3353; x_wconf 89' lang='lat' dir='ltr'><em>est:</em></span> <span class='ocrx_word' id='word_1_258' title='bbox 806 3312 915 3353; x_wconf 91' lang='lat' dir='ltr'><em>uerum</em></span> <span class='ocrx_word' id='word_1_259' title='bbox 940 3295 1006 3355; x_wconf 88' lang='lat' dir='ltr'><em>eius</em></span> <span class='ocrx_word' id='word_1_260' title='bbox 1036 3313 1147 3354; x_wconf 92' lang='lat' dir='ltr'><em>nomen</em></span> <span class='ocrx_word' id='word_1_261' title='bbox 1176 3305 1304 3372; x_wconf 87' lang='lat' dir='ltr'><em>apparet</em></span> <span class='ocrx_word' id='word_1_262' title='bbox 1325 3315 1364 3354; x_wconf 89' lang='lat' dir='ltr'><em>ex</em></span> <span class='ocrx_word' id='word_1_263' title='bbox 1388 3315 1419 3356; x_wconf 88' lang='lat' dir='ltr'><em>u.</em></span> <span class='ocrx_word' id='word_1_264' title='bbox 1448 3296 1484 3357; x_wconf 97' lang='lat' dir='ltr'><em>lll</em></span> 
     </span>
     <span class='ocr_line' id='line_1_30' title="bbox 324 3394 1483 3477; baseline 0.003 -21"><span class='ocrx_word' id='word_1_265' title='bbox 324 3399 352 3473; x_wconf 85' lang='lat' dir='ltr'><em>l,</em></span> <span class='ocrx_word' id='word_1_266' title='bbox 381 3397 431 3473; x_wconf 76' lang='lat'><em>67,</em></span> <span class='ocrx_word' id='word_1_267' title='bbox 459 3396 514 3456; x_wconf 91' lang='lat' dir='ltr'><em>ubi</em></span> <span class='ocrx_word' id='word_1_268' title='bbox 530 3396 684 3456; x_wconf 89' lang='lat' dir='ltr'><em>fidicinam</em></span> <span class='ocrx_word' id='word_1_269' title='bbox 705 3395 756 3477; x_wconf 84' lang='lat'><em>(=</em></span> <span class='ocrx_word' id='word_1_270' title='bbox 775 3394 802 3476; x_wconf 85' lang='lat' dir='ltr'><em>l)</em></span> <span class='ocrx_word' id='word_1_271' title='bbox 822 3396 987 3475; x_wconf 72' lang='lat' dir='ltr'><em>interrogat</em></span> <span class='ocrx_word' id='word_1_272' title='bbox 1009 3398 1210 3477; x_wconf 88' lang='lat' dir='ltr'><em>Periphanes:</em></span> <span class='ocrx_word' id='word_1_273' title='bbox 1229 3399 1289 3459; x_wconf 89' lang='lat' dir='ltr'><em>Sed</em></span> <span class='ocrx_word' id='word_1_274' title='bbox 1305 3397 1337 3459; x_wconf 83' lang='lat' dir='ltr'><em>td</em></span> <span class='ocrx_word' id='word_1_275' title='bbox 1353 3401 1483 3460; x_wconf 77' lang='lat' dir='ltr'><em>reatrislirr</em></span> 
     </span>
     <span class='ocr_line' id='line_1_31' title="bbox 320 3499 1485 3580; baseline 0.004 -21"><span class='ocrx_word' id='word_1_276' title='bbox 320 3500 478 3580; x_wconf 72' lang='lat' dir='ltr'><em>fidicinam</em></span> <span class='ocrx_word' id='word_1_277' title='bbox 504 3499 771 3578; x_wconf 83' lang='lat' dir='ltr'><em>Acropolistidem?</em></span> <span class='ocrx_word' id='word_1_278' title='bbox 794 3500 921 3560; x_wconf 82' lang='lat' dir='ltr'><em>Constat</em></span> <span class='ocrx_word' id='word_1_279' title='bbox 947 3501 1040 3578; x_wconf 82' lang='lat' dir='ltr'><em>igitur</em></span> <span class='ocrx_word' id='word_1_280' title='bbox 1067 3501 1146 3560; x_wconf 90' lang='lat' dir='ltr'><em>banc</em></span> <span class='ocrx_word' id='word_1_281' title='bbox 1174 3501 1349 3578; x_wconf 89' lang='lat' dir='ltr'><em>mulierem,</em></span> <span class='ocrx_word' id='word_1_282' title='bbox 1375 3504 1485 3580; x_wconf 91' lang='lat' dir='ltr'><em>prius-</em></span> 
     </span>
     <span class='ocr_line' id='line_1_32' title="bbox 322 3601 1485 3686; baseline 0.002 -24"><span class='ocrx_word' id='word_1_283' title='bbox 322 3622 416 3682; x_wconf 91' lang='lat' dir='ltr'><em>quam</em></span> <span class='ocrx_word' id='word_1_284' title='bbox 440 3604 470 3662; x_wconf 93' lang='lat' dir='ltr'><em>in</em></span> <span class='ocrx_word' id='word_1_285' title='bbox 493 3602 619 3662; x_wconf 88' lang='lat' dir='ltr'><em>domum</em></span> <span class='ocrx_word' id='word_1_286' title='bbox 643 3602 820 3681; x_wconf 88' lang='lat' dir='ltr'><em>Periphanis</em></span> <span class='ocrx_word' id='word_1_287' title='bbox 844 3601 934 3662; x_wconf 88' lang='lat' dir='ltr'><em>ducta</em></span> <span class='ocrx_word' id='word_1_288' title='bbox 957 3604 1014 3678; x_wconf 88' lang='lat' dir='ltr'><em>sit,</em></span> <span class='ocrx_word' id='word_1_289' title='bbox 1047 3605 1230 3683; x_wconf 88' lang='lat' dir='ltr'><em>appellatam</em></span> <span class='ocrx_word' id='word_1_290' title='bbox 1259 3624 1327 3666; x_wconf 90' lang='lat' dir='ltr'><em>esse</em></span> <span class='ocrx_word' id='word_1_291' title='bbox 1350 3603 1485 3686; x_wconf 88' lang='lat' dir='ltr'><em>Acropo-</em></span> 
     </span>
     <span class='ocr_line' id='line_1_33' title="bbox 324 3702 1480 3787; baseline 0.001 -21"><span class='ocrx_word' id='word_1_292' title='bbox 324 3707 467 3782; x_wconf 79' lang='lat' dir='ltr'><em>listidem3</em></span> <span class='ocrx_word' id='word_1_293' title='bbox 503 3705 528 3766; x_wconf 92' lang='lat' dir='ltr'><em>si</em></span> <span class='ocrx_word' id='word_1_294' title='bbox 559 3723 632 3765; x_wconf 89' lang='lat' dir='ltr'><em>uero</em></span> <span class='ocrx_word' id='word_1_295' title='bbox 666 3702 812 3784; x_wconf 87' lang='lat' dir='ltr'><em>Epidicus</em></span> <span class='ocrx_word' id='word_1_296' title='bbox 840 3724 907 3764; x_wconf 89' lang='lat' dir='ltr'><em>eam</em></span> <span class='ocrx_word' id='word_1_297' title='bbox 943 3706 1034 3766; x_wconf 85' lang='lat' dir='ltr'><em>tiliam</em></span> <span class='ocrx_word' id='word_1_298' title='bbox 1069 3707 1245 3787; x_wconf 88' lang='lat' dir='ltr'><em>Periphanis</em></span> <span class='ocrx_word' id='word_1_299' title='bbox 1279 3727 1347 3768; x_wconf 90' lang='lat' dir='ltr'><em>esse</em></span> <span class='ocrx_word' id='word_1_300' title='bbox 1382 3709 1480 3786; x_wconf 83' lang='lat' dir='ltr'><em>linxit,</em></span> 
     </span>
     <span class='ocr_line' id='line_1_34' title="bbox 323 3806 1480 3887; baseline 0 -19"><span class='ocrx_word' id='word_1_301' title='bbox 323 3827 448 3868; x_wconf 88' lang='lat' dir='ltr'><em>necesse</em></span> <span class='ocrx_word' id='word_1_302' title='bbox 471 3817 519 3868; x_wconf 89' lang='lat' dir='ltr'><em>est</em></span> <span class='ocrx_word' id='word_1_303' title='bbox 537 3826 616 3884; x_wconf 90' lang='lat' dir='ltr'><em>eam,</em></span> <span class='ocrx_word' id='word_1_304' title='bbox 642 3806 717 3868; x_wconf 92' lang='lat' dir='ltr'><em>dum</em></span> <span class='ocrx_word' id='word_1_305' title='bbox 741 3809 771 3866; x_wconf 93' lang='lat' dir='ltr'><em>in</em></span> <span class='ocrx_word' id='word_1_306' title='bbox 796 3806 886 3868; x_wconf 89' lang='lat' dir='ltr'><em>domo</em></span> <span class='ocrx_word' id='word_1_307' title='bbox 901 3809 1079 3887; x_wconf 86' lang='lat' dir='ltr'><em>Periphanis</em></span> <span class='ocrx_word' id='word_1_308' title='bbox 1102 3811 1151 3886; x_wconf 86' lang='lat' dir='ltr'><em>sit,</em></span> <span class='ocrx_word' id='word_1_309' title='bbox 1178 3812 1279 3870; x_wconf 93' lang='lat' dir='ltr'><em>uocari</em></span> <span class='ocrx_word' id='word_1_310' title='bbox 1300 3811 1480 3871; x_wconf 86' lang='lat' dir='ltr'><em>Telestidem.</em></span> 
     </span>
     <span class='ocr_line' id='line_1_35' title="bbox 323 3911 1481 3992; baseline 0.003 -23"><span class='ocrx_word' id='word_1_311' title='bbox 323 3913 428 3988; x_wconf 73' lang='lat' dir='ltr'><em>ltaque</em></span> <span class='ocrx_word' id='word_1_312' title='bbox 457 3911 482 3970; x_wconf 92' lang='lat' dir='ltr'><em>si</em></span> <span class='ocrx_word' id='word_1_313' title='bbox 505 3911 688 3988; x_wconf 90' lang='lat' dir='ltr'><em>Periphanes</em></span> <span class='ocrx_word' id='word_1_314' title='bbox 711 3911 863 3990; x_wconf 89' lang='lat' dir='ltr'><em>Philippae</em></span> <span class='ocrx_word' id='word_1_315' title='bbox 893 3923 997 3972; x_wconf 87' lang='lat' dir='ltr'><em>narrat</em></span> <span class='ocrx_word' id='word_1_316' title='bbox 1020 3915 1193 3991; x_wconf 89' lang='lat' dir='ltr'><em>repperisse</em></span> <span class='ocrx_word' id='word_1_317' title='bbox 1216 3933 1249 3972; x_wconf 91' lang='lat' dir='ltr'><em>se</em></span> <span class='ocrx_word' id='word_1_318' title='bbox 1273 3914 1367 3972; x_wconf 87' lang='lat' dir='ltr'><em>liliam</em></span> <span class='ocrx_word' id='word_1_319' title='bbox 1390 3922 1481 3992; x_wconf 88' lang='lat' dir='ltr'><em>atque</em></span> 
     </span>
     <span class='ocr_line' id='line_1_36' title="bbox 323 4011 1483 4097; baseline 0.003 -26"><span class='ocrx_word' id='word_1_320' title='bbox 323 4014 353 4071; x_wconf 94' lang='lat' dir='ltr'><em>in</em></span> <span class='ocrx_word' id='word_1_321' title='bbox 378 4031 432 4071; x_wconf 86' lang='lat' dir='ltr'><em>sua</em></span> <span class='ocrx_word' id='word_1_322' title='bbox 462 4011 552 4097; x_wconf 86' lang='lat' dir='ltr'><em>domo</em></span> <span class='ocrx_word' id='word_1_323' title='bbox 581 4031 723 4089; x_wconf 86' lang='lat' dir='ltr'><em>seruare,</em></span> <span class='ocrx_word' id='word_1_324' title='bbox 756 4033 886 4092; x_wconf 88' lang='lat' dir='ltr'><em>eamque</em></span> <span class='ocrx_word' id='word_1_325' title='bbox 908 4016 1022 4075; x_wconf 88' lang='lat' dir='ltr'><em>arcessi</em></span> <span class='ocrx_word' id='word_1_326' title='bbox 1045 4015 1140 4093; x_wconf 89' lang='lat' dir='ltr'><em>iubet,</em></span> <span class='ocrx_word' id='word_1_327' title='bbox 1168 4015 1262 4076; x_wconf 84' lang='lat' dir='ltr'><em>debel</em></span> <span class='ocrx_word' id='word_1_328' title='bbox 1283 4035 1351 4076; x_wconf 91' lang='lat' dir='ltr'><em>eam</em></span> <span class='ocrx_word' id='word_1_329' title='bbox 1375 4036 1483 4078; x_wconf 88' lang='lat' dir='ltr'><em>uocare</em></span> 
     </span>
     <span class='ocr_line' id='line_1_37' title="bbox 325 4112 1483 4198; baseline 0.003 -23"><span class='ocrx_word' id='word_1_330' title='bbox 325 4112 519 4175; x_wconf 71' lang='lat' dir='ltr'><em>Telestidem.</em></span> <span class='ocrx_word' id='word_1_331' title='bbox 567 4113 657 4185; x_wconf 86' lang='lat' dir='ltr'><em>Quod</em></span> <span class='ocrx_word' id='word_1_332' title='bbox 685 4125 787 4175; x_wconf 89' lang='lat' dir='ltr'><em>autem</em></span> <span class='ocrx_word' id='word_1_333' title='bbox 818 4117 878 4176; x_wconf 91' lang='lat' dir='ltr'><em>iam</em></span> <span class='ocrx_word' id='word_1_334' title='bbox 906 4137 966 4176; x_wconf 93' lang='lat' dir='ltr'><em>non</em></span> <span class='ocrx_word' id='word_1_335' title='bbox 991 4118 1118 4178; x_wconf 90' lang='lat' dir='ltr'><em>Telestis</em></span> <span class='ocrx_word' id='word_1_336' title='bbox 1148 4128 1195 4179; x_wconf 85' lang='lat' dir='ltr'><em>est</em></span> <span class='ocrx_word' id='word_1_337' title='bbox 1223 4118 1399 4198; x_wconf 89' lang='lat' dir='ltr'><em>proditura,</em></span> <span class='ocrx_word' id='word_1_338' title='bbox 1431 4118 1483 4179; x_wconf 92' lang='lat' dir='ltr'><em>sed</em></span> 
     </span>
    </p>
   </div>
   <div class='ocr_carea' id='block_1_3' title="bbox 0 0 1608 5028">
    <p class='ocr_par' dir='ltr' id='par_1_4' title="bbox 0 0 1608 5028">
     <span class='ocr_line' id='line_1_38' title="bbox 0 0 1608 5028; baseline 0 0"><span class='ocrx_word' id='word_1_339' title='bbox 0 0 1608 5028; x_wconf 95' lang='lat' dir='ltr'><em> </em></span> 
     </span>
    </p>
   </div>
  </div>
 </body>
</html>
