3126 5028
370 443 411 501 Du
436 462 632 504 aurnnorlrrs
655 463 773 504 rancus
796 446 965 506 Piavrmrs.
1193 449 1253 510 109

91 613 256 686 quominus
280 611 437 690 duplicem
453 613 580 674 Strobili
603 623 768 693 personam
783 616 989 692 posteriorum
1005 618 1096 695 culpa
1113 618 1144 677 in
1161 635 1255 678 unam

90 711 248 789 coaluisse,
275 732 293 772 a
316 715 421 776 Plauto
443 715 578 777 diuersis
595 716 772 777 nominibus
787 718 966 796 insignitam
981 718 1078 780 luisse
1093 729 1251 799 putemuS,

91 830 158 872 cum
190 824 262 894 post
298 827 406 896 poetae
436 828 566 878 mortem
595 838 799 899 personarum
829 822 951 880 nomina
983 823 1107 900 saepius
1137 833 1255 884 mutata

90 934 155 977 esse
177 921 320 980 constet‘.l
349 920 439 992 Quod
462 940 537 982 uero
559 933 718 1001 praeterea
741 923 845 1000 affert,
879 924 1007 984 alteram
1030 923 1155 986 fabulae
1177 945 1255 1006 par-

90 1027 148 1078 tem
171 1029 268 1081 totam
292 1022 456 1102 Megadori,
491 1024 618 1084 alteram
641 1025 796 1086 Lieenidis
818 1044 921 1086 amore
944 1035 975 1086 et
997 1028 1115 1104 nuptiis
1138 1028 1255 1107 imple-

89 1129 148 1181 tam
178 1142 264 1202 esse,
301 1125 516 1203 imprudenter
547 1126 711 1204 iudicauit,
749 1147 821 1188 uam
850 1139 882 1188 et
903 1131 934 1189 in
956 1129 1007 1190 illa
1032 1128 1097 1207 bis,
1135 1149 1197 1190 non
1220 1141 1256 1192 ut

89 1226 151 1302 ipse
174 1228 245 1288 uult
268 1229 365 1288 semel
393 1227 450 1310 (us.
478 1229 529 1289 75.
556 1231 582 1306 l,
611 1232 639 1308 4,
666 1233 707 1290 36
731 1250 792 1310 sq.,
820 1229 990 1292 erc-277
1013 1232 1048 1310 ll,
1076 1234 1105 1311 3,
1132 1233 1249 1314 5-t2)

89 1329 241 1390 Licouidis
264 1349 352 1392 amor
374 1342 405 1393 et
426 1333 458 1392 in
481 1332 539 1392 hac
560 1351 653 1412 saepe
675 1333 857 1413 Megadorus
881 1344 1147 1396 commemoratur.

170 1432 310 1494 Alteram
341 1454 435 1515 quam
465 1434 593 1496 laudaui
622 1437 705 1497 uiam
735 1439 880 1517 persequi
902 1436 979 1497 libet
1001 1438 1033 1496 in
1055 1438 1250 1518 Poenulo,

89 1534 118 1592 in
131 1553 190 1613 qua
205 1535 341 1600 duarum
353 1537 531 1599 fabularum
543 1549 724 1617 argumenta
737 1538 912 1600 discernere
924 1537 1009 1600 haud
1020 1536 1145 1602 difficile
1157 1551 1212 1602 est.
1229 1540 1249 1622 ¹)

88 1637 299 1716 Agorastocles
328 1642 411 1701 enim
434 1649 518 1700 amat
540 1639 784 1721 Adelphasium,
811 1660 892 1721 quae
915 1640 1000 1720 apud
1022 1644 1136 1721 Lycum
1160 1643 1252 1704 leno-

89 1759 158 1800 nem
175 1743 292 1818 seruit;
320 1763 388 1803 eam
403 1753 439 1804 ut
462 1743 581 1822 liberet,
608 1733 772 1823 Milphione
797 1753 921 1805 auctore
943 1744 1028 1804 hunc
1055 1747 1252 1808 machinatur

88 1841 209 1903 dolum:
249 1845 461 1924 Collybiscum
493 1847 621 1907 uilicum
651 1846 762 1907 habitu
792 1858 823 1908 et
850 1848 967 1908 uestitu
1001 1849 1149 1908 Laconico
1179 1867 1251 1909 oum

87 1949 228 2007 trecentis
265 1949 403 2009 nummis
436 1948 476 2009 ad
509 1949 651 2010 lenonem
685 1952 794 2028 mittit,
833 1961 869 2010 ut
901 1968 973 2010 eum
1007 1948 1089 2011 diem
1118 1970 1151 2012 se
1180 1971 1253 2013 cum

85 2048 195 2125 puellis
226 2050 342 2130 gaudio
370 2050 444 2111 dare
466 2052 547 2113 uelle
570 2051 668 2126 dicat;
702 2061 768 2113 tum
791 2053 858 2131 ipse
882 2053 1025 2113 lenonem
1048 2055 1248 2133 interrogare,

86 2169 158 2210 num
182 2172 298 2214 seruus
321 2173 398 2215 suus
421 2173 493 2216 cum
516 2157 652 2216 nummis
675 2154 760 2233 apud
783 2174 854 2215 eum
877 2156 934 2233 sit,
969 2165 1196 2236 negantemque
1219 2160 1252 2220 in

84 2253 130 2314 ius
158 2257 285 2316 trahere
315 2256 374 2317 sibi
405 2259 583 2338 proposuit,
618 2267 653 2318 ut
681 2265 741 2317 tota
765 2257 879 2317 familia
903 2257 963 2318 sibi
986 2257 1155 2320 addicatur.
1203 2261 1251 2321 En

84 2367 312 2436 argumentum,
340 2378 401 2438 quo
424 2362 521 2439 magis
544 2370 638 2421 tenue
652 2359 738 2419 haud
753 2357 841 2419 facile
857 2361 1020 2439 excogites,
1047 2361 1130 2440 quod
1147 2371 1251 2424 tamen

85 2477 121 2518 ex
142 2469 253 2538 poetae
277 2464 380 2522 animo
402 2462 443 2523 ad
465 2463 609 2524 lenonem
631 2461 829 2541 perdendum
853 2462 968 2542 suflicit
987 2463 1045 2544 [us.
1066 2464 1245 2526 778-786.

84 2561 128 2639 444,
155 2563 185 2642 5,
215 2565 370 2646 ta-tt.)
397 2568 567 2644 paucisque
590 2567 710 2626 scaenis
733 2564 848 2634 additis
871 2584 920 2626 res
943 2565 983 2626 ad
1007 2568 1100 2627 linem
1122 2567 1250 2647 perduci

86 2675 211 2741 poterat.
263 2666 304 2727 At
333 2677 509 2746 sequuntur
537 2668 599 2728 duo
630 2677 733 2746 aotuS,
767 2667 883 2748 quibus
906 2670 1118 2748 resciscimus,
1150 2670 1249 2731 Adel-

85 2768 227 2844 phasium
245 2780 278 2830 et
297 2788 433 2830 sororem
448 2769 699 2832 Anterastilidem
715 2772 867 2850 ingenuas
882 2790 950 2833 esse
966 2772 1245 2853 Carthaginienses,

84 2871 188 2932 eadem
223 2874 325 2952 patria
349 2870 574 2953 Agorastoclem
608 2884 733 2946 natum,
771 2883 918 2952 utrosque
948 2874 1063 2936 liberos
1093 2895 1109 2936 a
1141 2878 1248 2955 piratis

83 2984 193 3054 raptos,
221 2959 498 3055 quibusdamque
521 2979 628 3037 Hanno
650 2985 737 3054 pater
752 2995 901 3054 sororum,
930 2986 1058 3054 patruus
1080 2977 1248 3060 Agorasto-

83 3078 144 3158 clis,
171 3078 280 3158 prodit
302 3088 333 3138 ct
355 3078 432 3140 filias
456 3098 528 3140 suas
551 3078 698 3156 uindicat,
725 3079 914 3158 alteramque
937 3083 1065 3141 amatori
1088 3083 1121 3142 in
1136 3085 1248 3144 matri-

83 3183 219 3242 monium
245 3181 309 3243 dat.
359 3184 420 3242 Hoc
444 3194 491 3243 est
513 3184 643 3243 alterum
667 3191 899 3262 argumentum,
933 3183 1015 3261 quod
1041 3204 1111 3246 cum
1134 3186 1185 3246 illo
1208 3207 1248 3248 ne

83 3286 206 3346 minimo
231 3285 361 3366 quidem
385 3286 435 3345 filo
451 3286 606 3363 cohaeret,
634 3286 726 3344 immo
750 3283 827 3346 illud
849 3282 979 3346 Athenis
1002 3289 1110 3366 agitur,
1137 3299 1172 3349 ut
1194 3308 1244 3351 us

83 3387 140 3446 355
169 3389 208 3470 ll,
247 3390 284 3464 2,
321 3389 406 3468 449.)
441 3387 567 3448 minime
595 3395 759 3466 suspectus
782 3385 887 3466 docet,
920 3389 978 3449 hoc
1000 3390 1157 3468 Calydone
1185 3391 1242 3472 (us.

84 3490 161 3550 4045
186 3493 222 3570 V,
252 3493 282 3570 2,
311 3489 361 3550 97.
391 3491 472 3549 4469
496 3493 531 3568 V,
559 3493 588 3569 4,
616 3489 659 3571 8).
701 3491 813 3551 Vltima
836 3490 958 3552 lahulae
982 3511 1092 3553 scaena
1115 3512 1246 3553 eccon-

82 3596 185 3672 spicua
215 3603 283 3671 est,
317 3594 402 3672 quod
424 3594 549 3659 Plautus
572 3612 640 3653 eam
663 3593 703 3652 ita
727 3593 936 3673 amplificauit,
964 3604 999 3654 ut
1020 3593 1143 3656 diuersa
1166 3596 1245 3658 mala

83 3696 111 3754 in
133 3697 281 3758 lenonem
305 3697 473 3775 irruerent,
500 3697 637 3774 cumis,
664 3715 757 3774 quem
779 3696 905 3756 Plautus
928 3705 1052 3758 secutus
1076 3706 1138 3775 est,
1166 3698 1245 3760 solos

82 3795 308 3878 Agorastoclem
332 3810 363 3860 et
384 3797 642 3860 Anthemonidem
659 3818 729 3860 cum
746 3799 855 3858 lenone
879 3816 968 3877 agere
985 3800 1132 3860 finxisset.
1168 3801 1245 3862 Huic

82 3903 123 3960 rei
152 3903 293 3979 tribuas,
325 3902 410 3980 quod
440 3904 541 3962 omnia
573 3922 652 3981 quae
675 3902 714 3962 ad
737 3903 915 3961 Hannonem
939 3902 1070 3963 attinent
1092 3901 1240 3984 breuiter,

84 4057 289 4067 Ἢ.

148 4148 170 4207 4)
193 4143 301 4194 Τ334434
319 4155 389 4192 mue.
410 4143 520 4193 rhenan.
542 4143 608 4192 Vlll.
629 4157 655 4207 p.
677 4145 708 4191 35
727 4155 778 4207 sq,
801 4144 904 4207 repetit.
927 4142 954 4192 in
973 4141 1085 4194 Studien
1104 4141 1160 4193 und
1173 4140 1243 4195 Cha-

83 4231 266 4281 racteristiken
287 4243 336 4278 zur
354 4228 452 4290 griech.
475 4230 531 4279 und
550 4235 617 4278 rom.
640 4225 861 4294 Litereturgesoh.
885 4244 909 4296 p.
925 4230 973 4278 ert
994 4242 1033 4294 sq¹
