3126 5028
304 449 364 511 100
690 453 859 510 Lnorounrs
884 452 1067 509 Rsrnnlnnr.
1113 459 1115 465 ‘

302 619 353 680 uel
376 619 508 679 Graecas
530 619 581 680 uel
606 622 757 680 Romanas
789 620 977 701 respexeris,
1012 619 1129 679 nullius
1161 618 1256 680 semel
1284 628 1467 678 retractatae

302 722 431 800 pristina
454 720 549 782 forma
581 741 643 782 una
671 742 741 783 curn
765 741 845 782 noua
868 740 923 801 per
944 731 989 782 tot
1010 722 1135 782 saecula
1158 730 1282 781 seruata
1306 729 1362 781 est.
1404 720 1469 781 Sed

302 825 470 903 largiamur
491 824 548 883 hoe
570 824 751 885 Schmitzio:
778 844 816 884 ne
841 822 1044 902 sicquidem,
1071 826 1097 884 si
1119 831 1261 904 perpetuo
1285 832 1470 884 commorata

302 926 386 987 idern
408 927 513 987 ualere
535 936 628 1006 atque
652 934 760 988 ilerum
785 930 951 1007 iterumque
973 934 1155 988 commutato
1170 933 1198 987 et
1212 926 1304 1006 queri
1318 926 1470 986 recordans

303 1031 535 1107 putauerimuS,
570 1030 678 1090 Donati
709 1029 815 1090 uerbis
838 1029 969 1090 efficitur
997 1047 1126 1090 seruum
1149 1030 1284 1089 clemens
1308 1029 1469 1106 ingenium

304 1133 511 1208 simulauisse,
538 1131 594 1192 sed
608 1133 711 1210 potius
727 1133 800 1192 hoc:
828 1150 898 1192 eum
922 1133 1058 1211 primum
1077 1150 1116 1190 ex
1132 1131 1305 1192 truculento
1326 1132 1471 1191 clemen-

303 1247 365 1295 tem
389 1232 502 1297 deinde
532 1252 639 1294 rursus
668 1235 877 1296 truculentum
907 1243 973 1293 tum
1005 1233 1107 1295 denuo
1137 1235 1321 1294 clementem
1352 1233 1470 1294 factum

305 1356 384 1398 esse.
425 1337 487 1397 lloc
510 1355 584 1398 uero
607 1338 759 1398 Donatum
783 1335 885 1398 dicere
908 1336 1044 1397 noluisse
1060 1354 1150 1396 nemo
1165 1354 1226 1396 non
1243 1334 1337 1396 uidet.
1372 1336 1471 1395 lmmo

304 1459 374 1500 cum
398 1458 494 1500 senex
510 1441 712 1501 Terentianus
735 1459 774 1500 ex
797 1439 889 1519 digno
911 1439 1057 1518 indignus
1080 1447 1111 1498 et
1128 1457 1238 1499 rursus
1261 1438 1322 1498 sub
1343 1438 1472 1500 fabulae

306 1543 399 1602 finem
429 1541 541 1622 dignus
571 1541 670 1602 laetus
699 1562 716 1602 a
748 1544 863 1602 Donato
897 1552 1068 1622 opponatur
1105 1559 1195 1602 seruo
1224 1541 1371 1618 Plautino,
1414 1543 1471 1619 qui

307 1665 344 1704 ex
384 1646 557 1707 trucidento
595 1646 730 1705 clemens
767 1645 867 1708 iactus
905 1646 1067 1723 pristinam
1113 1654 1255 1705 naturam
1304 1643 1379 1726 (sub
1417 1643 1473 1703 fa-

309 1746 400 1808 bulae
423 1749 525 1823 finem)
554 1767 616 1808 non
640 1757 803 1827 recuperet
825 1746 881 1808 sed
900 1757 1045 1827 perpetuo
1068 1748 1087 1806 i.
1108 1767 1134 1806 e.
1162 1748 1194 1806 in
1216 1757 1401 1826 perpetuum
1418 1747 1474 1806 uel

308 1868 363 1929 per
384 1850 535 1928 reliquam
557 1850 681 1911 fabulae
704 1861 823 1930 partem
843 1858 1040 1911 commutetur
1056 1851 1075 1909 i.
1096 1869 1123 1910 e.
1140 1850 1276 1909 clemens
1299 1860 1468 1927 remaneat,

309 1953 393 2012 nullo
417 1951 506 2012 modo
523 1953 659 2013 Donatus
674 1954 762 2014 testis
785 1963 833 2012 est
847 1954 940 2012 finem
956 1951 1078 2013 labulae
1101 1952 1249 2028 extitisse,
1277 1971 1337 2030 quo
1356 1970 1473 2012 seruus

306 2057 419 2116 iterum
442 2056 653 2116 truculentum
676 2075 709 2116 se
732 2056 930 2134 praestiterit.

395 2158 673 2237 Spengelius1)
702 2177 826 2237 quoquc
849 2177 976 2235 magnas
1005 2157 1129 2218 labulae
1158 2166 1262 2235 partes
1293 2155 1473 2235 deperditas

309 2278 378 2320 esse
394 2258 511 2320 iudicat
524 2269 555 2319 et
571 2261 660 2320 tertio
676 2262 757 2320 actui
773 2260 911 2320 mutilato
927 2278 1055 2320 scaenas
1071 2262 1118 2337 ΙΙΙ,
1141 2260 1152 2318 Ι
1175 2269 1206 2319 et
1220 2261 1268 2336 ΙΙΙ,
1290 2261 1308 2320 2
1328 2258 1469 2335 ascribit,

307 2371 453 2440 quartum
477 2371 574 2421 totum
597 2363 790 2424 intercidisse
812 2371 911 2442 putat,
938 2364 998 2423 nisi
1021 2362 1097 2423 lorte
1120 2363 1229 2422 tertius
1246 2363 1346 2440 potius
1367 2363 1473 2422 inter-

309 2463 417 2524 ciderit
439 2473 469 2523 et
492 2465 538 2539 ΙΙΙ,
569 2465 579 2522 Ι
609 2474 639 2524 et
662 2465 709 2543 lll,
737 2468 755 2525 2
778 2465 880 2543 quarti
904 2475 991 2525 aetus
1014 2466 1086 2542 sint,
1111 2465 1167 2525 sed
1190 2483 1247 2524 our
1268 2483 1366 2542 paene
1391 2465 1472 2526 duos

309 2576 394 2627 actus
417 2565 610 2627 intercidisse
633 2566 806 2644 crediderit,
834 2586 943 2629 causas
967 2586 1028 2628 non
1051 2566 1178 2629 addidit.

395 2668 484 2742 Quod
506 2671 536 2728 in
561 2670 711 2731 eiusmodi
734 2669 970 2749 quaestionibus
992 2671 1090 2730 lucem
1122 2670 1230 2732 afferre
1254 2671 1342 2746 solet,
1374 2688 1475 2748 argu-

310 2782 449 2833 mentum
472 2772 688 2849 acrostichum,
715 2775 746 2832 in
771 2773 827 2834 hac
849 2772 954 2833 sabula
970 2772 1046 2833 nihil
1061 2775 1154 2849 ualet,
1181 2774 1241 2833 nisi
1263 2772 1346 2851 quod
1368 2772 1472 2834 docu-

311 2885 412 2936 mento
435 2885 483 2935 est
512 2894 583 2935 eum
614 2878 668 2953 qui
691 2876 748 2936 hoc
771 2875 935 2936 coniecerit
961 2878 1063 2955 ipsum
1094 2895 1155 2936 non
1178 2876 1249 2954 plus
1273 2886 1343 2936 ante
1366 2877 1472 2936 oeulos

277 3021 279 3026 ,
311 2978 456 3041 habuisse
480 2997 572 3056 quarn
593 2977 679 3055 quod
701 2997 757 3038 nos
779 2978 950 3040 habeamus
974 2990 1028 3040 aut
1049 2998 1176 3040 scaenas
1199 2977 1377 3057 deperditas
1395 2979 1471 3038 nihil

310 3083 438 3158 grauius
460 3080 501 3140 ad
522 3081 796 3142 consummandam
830 3081 966 3142 fabulam
998 3083 1196 3142 continuisse,
1238 3082 1370 3141 Priorem
1393 3100 1473 3140 sen-

310 3185 436 3244 tentiam
466 3185 492 3242 is
523 3202 634 3244 uersus
664 3175 819 3245 refellere
833 3183 972 3262 uidetur,
1005 3204 1098 3263 quem
1124 3185 1301 3244 Priscianus
1311 3183 1332 3262 Ι)
1369 3203 1402 3242 se
1433 3203 1472 3242 ex

310 3286 408 3345 Plauti
431 3286 615 3346 Truculento
638 3289 828 3365 excerpsisse
850 3286 939 3348 dicit:

440 3391 525 3449 Boreo
543 3389 674 3467 perdidi,
701 3391 785 3450 molo
808 3392 937 3470 repperi,
963 3389 1064 3467 scotris
1086 3409 1153 3451 sam
1176 3392 1310 3450 emtimus
1332 3409 1353 3449 c
1374 3391 1470 3450 uobis.

311 3494 396 3552 Hanc
417 3492 499 3551 enirn
515 3491 740 3560 conclusionem
757 3492 885 3553 lorsitan
906 3492 1036 3572 probare
1056 3493 1169 3571 possis:
1199 3493 1231 3551 Si
1252 3500 1374 3552 constat
1394 3501 1473 3552 totas

311 3614 438 3655 scaenas
458 3595 620 3670 interiisse,
648 3614 687 3654 ex
706 3595 751 3655 his
774 3595 857 3655 hunc
880 3614 977 3655 unum
1000 3614 1128 3656 uersum
1150 3595 1336 3656 aPrisciano
1360 3613 1474 3656 serua-

266 3699 270 3706 '
311 3708 376 3758 tum
396 3715 464 3757 esse
480 3698 549 3762 ueri,
562 3697 752 3756 simillimum
771 3708 833 3772 est;
853 3699 901 3757 sin
917 3699 1089 3758 Priscianus
1105 3699 1189 3758 hunc
1203 3716 1331 3758 uersum
1348 3716 1474 3759 seruare

312 3802 418 3878 potuit,
445 3802 477 3859 in
502 3799 646 3859 manibus
669 3799 806 3860 fabulam
829 3800 939 3860 habuit
960 3803 1109 3877 integram
1132 3811 1163 3861 et
1184 3820 1258 3862 uere
1281 3801 1471 3879 Plautinarn;

382 4059 403 4117 tt
426 4055 454 4105 T.
476 4058 557 4107 Macci
584 4057 666 4108 Plauti
687 4059 865 4110 Trucrrlentus
889 4058 933 4109 ed.
954 4061 1075 4125 Spengel.
1103 4058 1242 4122 Gottingae
1262 4061 1339 4110 4868.
1362 4058 1476 4125 praelat.

311 4155 336 4204 p.
359 4141 386 4189 V.

380 4229 403 4290 Ι)
426 4225 550 4277 Priscian.
574 4231 590 4276 Ι.
614 4229 695 4278 tritt,
