3086 5024
279 443 321 502 De
338 444 475 540 ¹Srnrnn
498 442 777 504 lsrnnnooimonrs
800 443 1001 512 Osaremnvn.
1164 441 1224 502 157

73 610 226 673 habendus
250 631 319 673 esse
343 613 475 676 uidetur.
510 611 626 674 Deinde
649 615 864 674 coniunctiuus
888 613 918 672 in
942 613 1100 674 enuntiato
1125 613 1224 672 inter·
1316 645 1321 654 ·

73 715 199 792 rogatiuo
221 715 294 776 terri
316 717 431 795 nequit,
458 733 529 776 cum
550 733 683 796 propero
698 723 866 777 nmmtrore
888 714 970 777 idem
992 715 1105 794 ualeat,
1131 724 1224 794 atque

70 834 189 896 propere
211 827 347 880 monstro
371 819 420 879 uei
443 819 545 898 potius
565 835 694 900 propere
718 818 912 880 monstrando
933 819 1045 880 indica.
1081 818 1224 880 Attamen

71 918 142 979 alter
163 920 248 981 loeus
271 920 343 981 buic
364 922 473 982 similis
495 939 603 982 ansam
626 920 717 982 nobis
738 921 888 1000 praebere
911 920 1044 998 uidetur,
1071 920 1224 1000 quomodo

72 1020 116 1082 hio
137 1041 247 1084 uersus
267 1023 484 1086 emendandus
507 1026 560 1085 sit:
588 1025 665 1086 Nam
681 1024 799 1085 lenonis
823 1023 916 1087 aedes
938 1027 969 1085 in
992 1025 1133 1105 proximo
1154 1043 1223 1088 esse

71 1134 99 1184 et
118 1126 251 1205 conspici
273 1144 364 1206 posse
387 1147 419 1188 u.
446 1127 507 1190 952
532 1126 690 1206 docemur,
716 1127 773 1188 ubi
789 1126 958 1190 Pseudolus
980 1126 1065 1189 dicit:
1092 1129 1222 1189 Tertium

70 1221 117 1286 too
138 1235 194 1303 est;
222 1237 316 1308 atque
338 1231 370 1289 in
393 1229 533 1292 eiusdem
556 1229 680 1291 fabulae
703 1250 734 1291 u.
753 1231 815 1290 595
832 1249 916 1310 sqq.‚
943 1229 996 1292 ubi
1020 1230 1128 1292 eadem
1144 1248 1223 1290 eon-

70 1327 141 1389 dieio
162 1333 305 1411 occurrit,
332 1342 364 1393 et
385 1334 517 1411 Harpax,
544 1343 580 1394 ut
596 1335 661 1412 ipse
688 1332 728 1412 (u.
749 1332 822 1414 595)
842 1331 926 1412 dicit,
953 1333 1131 1414 regionibus
1147 1334 1223 1411 qui-

70 1431 134 1491 dem
155 1434 293 1514 cognitis,
320 1434 359 1495 de
382 1437 458 1515 ipsis
474 1446 578 1498 autem
594 1434 724 1496 aedibus
740 1435 889 1497 dubitans
905 1436 947 1498 ita
963 1455 1067 1496 seeum
1087 1436 1224 1515 loquitur

70 1554 96 1595 u.
122 1535 198 1596 599:
226 1537 327 1598 Nimis
350 1538 449 1616 nolim,
477 1546 591 1600 certum
614 1539 668 1620 qni
690 1540 721 1600 id
741 1537 837 1616 societ
859 1539 943 1616 mitt,
969 1538 1020 1600 ubi
1042 1540 1142 1600 Ballio
1164 1540 1224 1600 tote

70 1636 128 1697 leno
151 1637 276 1716 tortione,
301 1641 450 1720 particula
474 1641 534 1704 hie
549 1639 655 1703 addita
677 1651 725 1702 est
747 1640 829 1702 idem
852 1641 917 1702 iere
932 1641 1108 1720 significans
1130 1651 1224 1721 atque

72 1741 372 1823 interementes,
398 1753 434 1805 nt
455 1745 538 1805 Trin.
566 1743 643 1804 stt:
687 1747 786 1824 Heus,
813 1763 924 1824 senem,
951 1744 1142 1807 Lesbonicum
1165 1744 1225 1805 bie

72 1839 144 1920 (tine
159 1845 287 1926 Bitschi)
307 1846 525 1910 adulescentem
540 1867 663 1928 quaero,
683 1849 722 1909 in
745 1847 804 1908 bis
825 1849 977 1929 repient
983 1849 1050 1910 bns
1066 1847 1118 1908 nbi
1131 1847 1224 1909 tott-

68 1952 111 2024 tet,
136 1964 269 2025 quocum
292 1968 387 2012 uersu
409 1960 566 2030 praeterea
589 1950 728 2012 conteras
750 1951 811 2012 Mil.
838 1950 937 2014 ⁴258:
962 1952 1069 2014 Nescio
1091 1950 1144 2012 nbi
1165 1949 1224 2010 itio

65 2067 150 2130 prope
165 2051 261 2131 adest,
281 2071 368 2134 quem
383 2063 492 2135 empeto
507 2039 630 2137 nidere3
658 2053 737 2115 liud.
760 2054 860 2114 test:
890 2055 943 2116 Vbi
956 2063 988 2116 tn
1003 2054 1064 2115 bic
1082 2053 1222 2115 debitos?

67 2152 166 2231 ltaque
194 2173 268 2216 cum
298 2155 428 2217 eandem
458 2155 504 2217 ln'o
532 2157 712 2237 particulam
735 2157 807 2218 huie
829 2176 953 2238 quoque
976 2156 1015 2218 de
1037 2175 1100 2236 quo
1122 2158 1222 2235 agitur

69 2254 125 2316 looo
154 2267 259 2337 aptam
289 2277 358 2320 esse
386 2268 549 2339 appareat,
591 2261 703 2321 rectius
740 2259 869 2322 fortasse
904 2279 1016 2322 uersus
1043 2259 1101 2320 boe
1131 2259 1223 2321 modo

68 2359 180 2421 restitui
202 2362 329 2442 poterit:
835 2401 836 2404 κ

188 2463 253 2525 seo
274 2467 404 2544 prdpesa
427 2465 501 2526 mibi
526 2469 706 2544 monstrare,
733 2465 815 2528 ubist
836 2461 918 2554 (tic)
941 2467 1049 2530 estium
1072 2467 1193 2530 neonis.

67 2563 212 2646 Kiessiing
239 2568 272 2627 in
303 2586 383 2628 mus.
410 2568 507 2629 Rhen.
541 2569 636 2629 XXlll
666 2588 696 2648 p.
724 2569 785 2631 425
822 2572 860 2631 sit
889 2588 921 2631 os
958 2569 1075 2632 lenonis
1104 2569 1223 2631 oedinm

68 2667 260 2731 scribendum
292 2689 359 2731 esse
389 2671 564 2751 proposuit,
598 2690 700 2752 neque
730 2673 907 2752 negandum
935 2681 983 2733 est
1011 2691 1083 2734 eum
1111 2671 1152 2734 ad
1173 2672 1223 2734 CD

67 2769 198 2833 codicum
222 2774 406 2853 scripturam
435 2775 474 2835 sit
502 2776 648 2836 ostenonis
672 2776 810 2855 proxime
831 2776 1006 2838 accessisse.
1048 2775 1126 2838 Cum
1150 2793 1224 2835 uem

67 2872 201 2936 Pseudoii
226 2876 334 2955 uerba,
361 2896 441 2957 quae
463 2885 626 2940 secuntur:
656 2880 788 2941 Tertium
810 2879 863 2940 boc
886 2888 929 2941 est
943 2880 1023 2941 serio
1044 2876 1124 2939 dieta
1148 2878 1219 2955 sint,

67 2989 200 3058 nonest,
227 2998 285 3040 eur
300 2980 428 3041 Simiam
450 2980 583 3042 iocatum
606 2999 675 3042 esse
696 2981 894 3043 arbitremur.
932 2983 1071 3062 Denique
1086 2980 1223 3043 scribere

66 3079 167 3141 saltem
190 3081 317 3144 debuit:
343 3083 424 3144 ubist
445 3077 528 3170 (tic)
550 3102 583 3144 os
606 3085 719 3147 lenonis
741 3085 863 3147 aedium
890 3083 938 3166 (ci.
963 3081 995 3145 iii
1017 3088 1218 3164 scripturam:

65 3181 112 3241 nbi
131 3186 169 3245 sit
190 3187 247 3246 sito
270 3186 423 3266 sunonis).

142 3391 274 3452 Restant
288 3390 405 3470 aliquot
420 3409 542 3471 uersus,
561 3393 593 3452 in
608 3392 726 3472 quibus
740 3392 944 3456 emendandis
960 3412 1084 3474 neque
1100 3393 1222 3454 libro-

71 3507 146 3551 rum
170 3495 355 3555 memoria
377 3513 504 3574 neque
527 3491 843 3576 corruptelardm
878 3497 1062 3575 uestigiis
1084 3494 1222 3557 adiuua-

66 3611 139 3655 mur.
170 3595 275 3676 Atque
291 3597 426 3676 primum
441 3597 481 3659 ad
497 3617 549 3658 eos
565 3615 676 3660 uersus
691 3599 885 3676 accedamus,
911 3601 966 3679 qui
982 3619 999 3660 a
1015 3599 1222 3677 grammatiois

65 3694 234 3779 laudentur,
251 3701 283 3759 in
296 3699 412 3779 quibus
425 3699 624 3763 restituendis
636 3702 752 3783 duplex
764 3704 868 3764 existit
878 3701 1054 3762 difficultas:
1070 3701 1217 3779 primum,

65 3800 142 3877 quod
156 3801 195 3864 de
207 3803 340 3882 singulis
351 3804 517 3864 enuntiatis
527 3822 567 3866 ex
577 3808 800 3867 sententiarum
814 3803 920 3865 ordine
932 3804 1085 3883 exemptis
1097 3805 1222 3885 saepius

64 3913 175 3966 oenum
198 3905 348 3968 iudicium
364 3906 437 3967 terri
452 3908 571 3986 nequit,
597 3907 719 3987 deinde,
739 3906 823 3988 quod
837 3909 1107 3987 grammaticorum
1129 3909 1221 3970 testi-

66 4009 167 4070 moniis
181 4010 310 4089 saepius
326 4007 531 4072 diffidendum
548 4029 642 4090 quam
657 4011 875 4073 confidendum
890 4021 947 4090 est,
966 4030 1036 4073 oum
1048 4020 1217 4091 auctorum,

65 4126 136 4187 quos
158 4112 301 4189 laudant,
329 4112 423 4173 uerba
447 4123 479 4173 et
500 4132 673 4174 sermonem
696 4133 751 4195 pro
773 4134 830 4175 suo
853 4116 986 4194 quisque
1008 4114 1122 4176 iudicio
1146 4133 1221 4177 mu-

65 4220 123 4271 tent
151 4225 182 4275 et
210 4217 353 4292 inprimis
386 4217 417 4276 in
447 4215 635 4278 adhibendis
666 4216 765 4276 modis
792 4218 883 4278 nimis
913 4237 989 4278 suae
1018 4219 1125 4278 aetatis
1150 4218 1219 4277 usui
