3086 5024
287 413 330 488 Db
353 431 479 492 Smrlxr
501 431 781 492 lanrnoelrmnru
803 417 1002 502 Oneroranm.
1166 433 1225 492 155

73 599 180 660 Deinde
200 602 369 680 interrogat
385 603 515 663 Hanno:

206 703 395 766 Sedearum
417 706 528 767 notrum
550 724 611 786 quc
633 706 675 766 sit
694 705 785 785 sner'e,
810 706 855 766 -mi
875 700 996 784 ampodi.
1247 781 1251 788 .

71 805 197 866 Primum
224 807 314 868 nullo
342 806 433 871 niodo
463 808 596 888 intellegi
627 816 744 886 potest,
777 806 861 869 unde
884 808 990 868 Hanno
1013 808 1092 868 seire
1114 809 1221 886 possit,

70 925 125 972 une
146 927 217 970 cum
242 909 304 970 illis
327 908 452 971 duabus
469 910 595 990 -puele,
619 929 700 990 quas
721 909 843 990 Milphio
866 930 899 971 u.
920 911 1000 970 t088
1020 929 1093 990 sqq,
1119 912 1225 970 nomi-

70 1020 200 1088 nauerat,
228 1013 380 1075 nutricem
403 1031 527 1092 quoque
550 1013 730 1092 subreptam
754 1031 834 1091 esse,
861 1014 950 1075 cuius
972 1012 1095 1091 Milphio
1121 1029 1224 1072 eoram

69 1113 210 1175 Hannone
233 1133 274 1175 ne
296 1115 393 1176 uerbo
416 1115 544 1194 quidem
561 1117 745 1176 mentionem
761 1115 884 1177 iecerat.
925 1117 1020 1176 lmmo
1036 1117 1144 1176 Hanno
1162 1134 1224 1176 una

69 1234 133 1275 oum
156 1218 222 1278 suis
246 1217 370 1280 filiabus
392 1221 545 1280 nutricem
562 1219 743 1298 subreptam
758 1238 827 1282 esse
849 1218 980 1299 dixerat,
1006 1217 1038 1280 id
1054 1217 1137 1298 quod
1153 1219 1225 1278 Hil-

66 1318 182 1396 pbionis
203 1321 414 1400 suspicionem
438 1332 563 1384 monere
585 1341 643 1402 par
669 1331 744 1383 erat.
785 1321 902 1386 Deinde
932 1331 1036 1402 pater,
1070 1322 1123 1400 qui
1149 1340 1225 1382 suas

70 1421 141 1482 filias
164 1442 198 1483 se
223 1425 425 1486 inuenturum
456 1444 525 1486 esse
552 1425 693 1504 sperauit
723 1423 767 1506 (u.
795 1424 882 1505 956),
915 1426 1002 1504 prius
1028 1425 1070 1486 de
1100 1424 1224 1486 filiabus

67 1526 283 1603 exquisiuisset
312 1547 404 1606 quam
428 1526 467 1588 de
498 1528 625 1605 nutrice,
651 1537 688 1588 ut
709 1547 740 1588 u.
771 1529 849 1588 tlte
874 1526 980 1603 dooet3
1010 1547 1082 1588 nam
1105 1536 1223 1607 patrem

67 1628 94 1686 in
115 1628 172 1689 bac
196 1629 377 1692 condicione
399 1632 615 1692 ratiocinatum
638 1649 707 1691 esse
724 1631 784 1692 sibi
799 1631 926 1692 nutricis
940 1629 1049 1692 faciem
1063 1649 1224 1709 quaeren-

67 1728 133 1790 dam
155 1751 236 1811 esse,
265 1752 325 1793 non
349 1734 493 1810 liliorum,
518 1735 636 1814 qnippe
658 1753 738 1813 quae
761 1733 910 1814 pamulae
926 1733 1092 1813 subreptae
1114 1732 1222 1793 laniem

66 1832 151 1896 ualde
174 1844 359 1913 mutassent,
392 1855 454 1897 non
484 1839 549 1898 ueri
574 1837 675 1898 simile
704 1837 778 1898 mihi
806 1836 941 1898 uidetur.
970 1871 1007 1882 -
1037 1837 1090 1896 His
1121 1838 1223 1897 causis

66 1947 230 2000 commotus
248 1940 387 2000 Hannoni
403 1939 487 2001 bunc
502 1959 631 2002 uersum
643 1938 883 2002 abiudioandum
898 1959 966 2000 esse
978 1957 1098 2000 censeo.
1124 1938 1223 2000 Vide-

65 2057 147 2100 amus
177 2042 287 2120 igitur,
321 2043 371 2104 cui
401 2041 500 2104 uerba
527 2041 692 2104 tribuenda
721 2044 792 2104 sint.
833 2041 973 2120 Milphio,
1007 2044 1060 2120 qui
1084 2043 1224 2102 Hannoni

66 2141 138 2203 filias
160 2143 328 2223 subreptas
350 2163 421 2206 esse
444 2146 588 2224 ignorans
617 2155 648 2206 et
676 2144 811 2206 fallacias
842 2145 944 2206 lenoni
974 2154 1138 2223 paraturus
1168 2163 1225 2223 per

65 2244 168 2325 iocum,
195 2256 232 2307 ut
255 2246 345 2308 docet
366 2266 398 2308 u.
428 2249 527 2326 tlte,
554 2249 733 2310 Hannonem
756 2257 927 2326 rogauerat,
954 2257 990 2308 ut
1010 2246 1220 2326 adsimularet,

64 2349 147 2424 quasi
169 2349 253 2409 filiae
275 2331 355 2411 duae
379 2350 438 2412 sibi
459 2351 627 2430 subreptae
642 2360 755 2427 essent,
782 2351 917 2430 primum
935 2352 1113 2412 Hannonem
1132 2351 1222 2411 iocari

65 2458 146 2526 putat
168 2451 229 2512 sibi
252 2471 377 2532 quoqne
400 2451 479 2516 duas
510 2455 588 2516 filies
618 2473 680 2517 una
709 2473 781 2514 cum
811 2454 931 2518 nutrice
958 2453 1125 2532 subreptas
1154 2472 1225 2514 esse

64 2553 280 2631 affirmantem3
312 2565 418 2636 postea
441 2577 517 2618 uero
545 2559 652 2621 nutrix
677 2557 719 2618 ab
741 2559 890 2620 Hannone
913 2565 976 2617 tam
1004 2558 1223 2636 necopinantes

64 2667 296 2720 commemorata
321 2661 352 2719 in
367 2660 539 2738 Hilphionis
559 2661 737 2721 memoriam
753 2679 799 2739 ea,
819 2676 899 2739 quae
912 2661 1118 2738 Syncerastus
1134 2662 1222 2737 prius

63 2770 239 2822 narrauerat
264 2796 302 2805 -
319 2781 381 2823 naa
397 2782 467 2824 cum
483 2760 670 2842 Adelpbasio
691 2772 723 2825 et
739 2761 957 2828 Anterastilide
972 2762 1121 2824 nutricem
1139 2780 1222 2840 quo—

63 2879 118 2938 que
141 2862 330 2945 subreptam
347 2864 442 2926 luisse
464 2899 507 2913 .„
529 2883 674 2927 reuocare
697 2885 831 2946 eumque
853 2866 1005 2926 concitare
1027 2863 1154 2942 debuit,
1187 2875 1223 2927 ut

63 2963 139 3024 hano
159 2984 296 3046 quoque,
323 2985 417 3048 quam
441 2970 549 3030 Hanno
569 2970 793 3048 nominauerat,
819 2971 971 3030 nutricem
994 2987 1120 3030 noscere
1148 2977 1222 3030 stu-

62 3065 158 3128 deret:
185 3071 256 3130 siue
273 3070 359 3150 qued
372 3071 477 3132 animo
493 3073 664 3150 praesensit
678 3069 900 3153 Adelphasium
924 3082 955 3132 et
969 3069 1220 3133 Anterastilidem

64 3169 126 3231 illas
148 3172 319 3252 subreptas
342 3174 498 3234 Hannonis
521 3174 599 3236 filias
623 3193 709 3253 esse,
742 3177 810 3237 siue
840 3175 923 3256 quod
947 3177 1126 3236 Hannonem
1156 3178 1222 3236 suis

62 3273 154 3351 ipsius
177 3276 287 3338 uerbis
309 3275 501 3356 obstringere
531 3277 638 3339 noluit.
680 3279 851 3357 Hilphionis
881 3279 974 3358 igitur
1001 3290 1066 3340 erat
1096 3297 1216 3358 rogare:

62 3376 134 3436 Cum
157 3378 215 3439 tibi
229 3379 318 3440 ‘filias
341 3397 403 3441 una
426 3399 497 3441 cum
520 3381 641 3441 nutrice
664 3380 829 3459 subreptas
851 3400 920 3442 esse
943 3391 1005 3442 tam
1036 3380 1139 3461 lepide
1159 3380 1223 3440 ad—

62 3479 193 3560 simules,
220 3480 274 3543 dic
295 3482 404 3561 igitur,
436 3501 497 3562 qua
520 3483 597 3544 iacie
620 3484 713 3544 luerit
734 3485 803 3563 ista,
829 3503 924 3564 quam
954 3484 1061 3563 lingis,
1094 3485 1223 3544 nutrix‘l

62 3581 178 3661 Hilphio
202 3585 286 3644 enim
310 3603 381 3646 mam
404 3585 584 3646 Hannonem
606 3595 735 3666 cogeret,
758 3594 794 3648 ut
808 3587 945 3666 aliquam
961 3587 1090 3647 nutricis
1113 3586 1221 3646 faciem

61 3682 214 3766 indicaret,
243 3688 311 3766 ipse
331 3689 472 3766 sperauit
493 3707 527 3750 sc
542 3689 593 3750 nel
609 3691 810 3751 inuenturum
826 3709 906 3768 esse,
932 3708 1008 3749 num
1024 3707 1099 3749 uera
1120 3690 1222 3750 animo

61 3790 298 3869 praesensisset,
331 3791 382 3852 uel
413 3793 554 3852 Hannoni
582 3810 823 3872 persuasurum,
855 3792 955 3871 illam,
994 3793 1082 3853 ouius
1111 3791 1219 3854 faciam

60 3887 282 3971 descripsisset,
311 3895 410 3972 ipsam
426 3913 494 3955 eam
517 3913 596 3972 esse,
624 3914 758 3975 quacum
781 3895 904 3976 puellae
920 3906 1025 3957 essent
1039 3895 1216 3976 subreptae,

61 4009 156 4072 neque
178 3994 339 4058 dubitauit
360 3997 436 4076 quin
459 3998 501 4059 ita
518 3999 708 4076 Hannonem,
736 4009 772 4060 ut
786 3999 972 4061 illasmanu
987 3999 1105 4061 liberali
1127 4019 1220 4062 causa

61 4094 223 4176 adsereret,
260 4098 455 4162 adducturus
484 4110 578 4162 esset.
619 4101 782 4181 Postquam
814 4121 889 4162 uero
916 4103 1039 4181 Hilphio
1070 4102 1222 4164 intellexit

61 4201 207 4261 nutricem
231 4201 274 4262 ab
297 4203 445 4272 Hannone
474 4203 659 4284 descriptam
690 4223 722 4265 re
750 4223 824 4266 uera
848 4203 979 4268 eandem
1011 4223 1094 4283 esse,
1128 4216 1221 4287 atque
