3116 5020
284 408 326 467 Dr
349 409 475 469 Sinnin
499 410 778 472 lrrrrroerrronrn
802 412 1005 482 Oenovinvu.
1174 411 1237 474 239

157 577 450 642 Contradioit'huie
479 582 601 660 regulae
629 597 760 662 uersus,
789 585 821 644 iu
843 601 905 664 quo
927 599 1117 664 quamquam
1139 601 1237 646 desero

75 680 170 741 uerbo
191 683 268 742 noor'
289 685 462 763 opponitur,
494 693 597 745 tamen
620 686 652 746 in
675 688 833 748 enuntiato
855 688 1072 768 interrogatiuo
1095 687 1178 768 quod
1198 707 1237 748 ex

75 782 123 843 illo
144 784 264 865 pendet
284 783 486 852 indioatiuum
510 787 581 849 libri
604 789 732 850 Palatini
755 789 897 851 tradunt:

75 1017 185 1066 persona
205 1010 376 1072 pronuntiari
395 1023 463 1074 opus
481 1013 536 1062 est:
558 1012 677 1076 primum
695 1013 804 1076 propter
821 1013 907 1076 ipsam
927 1012 1103 1062 sententiam:
1128 1011 1238 1076 Milphio

74 1091 153 1152 enim,
175 1105 277 1144 seruus
295 1095 483 1159 Agorastoclis,
505 1109 538 1147 ax
556 1098 725 1161 Syncerasto,
746 1096 851 1147 lenonis
869 1109 957 1158 seruo,
979 1098 1024 1160 qui
1042 1097 1155 1148 domum
1174 1111 1238 1163 pro-

74 1180 155 1238 perat,
176 1178 282 1244 aliquid
302 1182 476 1243 quaesiturus
494 1183 640 1233 exclamat:

76 1273 100 1309 0-
120 1266 152 1312 29
383 1266 416 1316 M.
438 1268 514 1328 Meos,
536 1269 703 1330 Syncerasto!
732 1269 756 1317 S.
778 1265 963 1330 Syncerastum
980 1271 1027 1330 qui
1045 1269 1140 1319 uocet?

244 1351 279 1400 M.
305 1351 375 1402 Turre
384 1355 488 1404 omina.
511 1354 538 1406 S.
552 1355 718 1406 dardanico
729 1353 804 1416 toda,
818 1356 863 1415 pai
875 1367 935 1404 eum
947 1366 1025 1404 oriere
1036 1354 1114 1414 offere
1124 1365 1236 1402 morem.

246 1437 281 1486 M.
302 1437 333 1486 Ar
349 1438 379 1488 oh
391 1439 457 1490 hane
469 1452 601 1492 remoram
613 1440 657 1491 tihi
670 1441 777 1490 reddam
789 1452 903 1502 weram,
917 1439 961 1490 oti
972 1440 1052 1502 uoles,
1066 1439 1109 1489 uhi
1120 1441 1235 1489 iusseris.

246 1522 317 1572 liobe
335 1537 390 1574 rem
405 1531 518 1588 poetam.

75 1605 256 1667 Syncerastus
274 1621 304 1658 se
323 1608 500 1661 auscultando
518 1624 628 1676 operam
647 1609 773 1660 daturum
792 1623 851 1660 esse
870 1611 1015 1676 promittit:

496 1697 521 1746 S.
542 1696 571 1747 Si
587 1680 738 1759 futurumst,
759 1697 791 1747 do
808 1695 851 1745 tihi
868 1709 974 1760 operam
993 1695 1068 1745 hone.

76 1775 144 1826 llaec
163 1778 251 1829 uerba
275 1781 299 1829 ei
321 1779 461 1842 futurumst
486 1783 524 1832 sie
541 1783 764 1847 pronuntiantur,
790 1785 820 1832 nt
844 1779 878 1831 ad
903 1793 947 1840 ea,
974 1791 1043 1845 quae
1062 1780 1235 1844 praecedunt,

75 1861 154 1912 relata
172 1863 329 1928 significent
345 1870 368 1918 si
384 1869 411 1917 ld
427 1866 569 1929 summersi
590 1867 656 1928 lseil.
677 1873 705 1918 ut
722 1880 829 1930 operam
846 1867 909 1916 mihi
925 1866 1038 1925 reddor),
1066 1870 1092 1916 et
1118 1879 1179 1915 eum
1199 1867 1238 1915 eis

74 1961 141 2010 quae
160 1954 296 2002 secuntur
313 1954 455 2004 coniuncta
474 1954 584 2004 alteram
602 1954 771 2017 (Syneerasti)
787 1951 974 2002 condicionem
993 1945 1121 2001 indloent.
1152 1951 1238 2014 Atque

74 2033 192 2098 Milphio,
214 2038 262 2101 qui
281 2038 393 2089 alteram
413 2040 483 2089 hano
500 2039 661 2090 sententiam
681 2039 707 2087 in
727 2039 769 2088 his
787 2037 879 2088 uerbis
899 2039 985 2086 inesse
1005 2036 1141 2086 existimat
1156 2037 1239 2100 (quasi

73 2121 253 2186 Syncerastus
272 2123 385 2176 dixisset
401 2127 434 2176 do
451 2125 494 2175 tihi
512 2135 618 2189 operam
634 2124 709 2184 hooc,
728 2126 752 2173 si
767 2127 925 2189 flammat.
936 2161 942 2173 .
953 2125 983 2186 .),
1007 2123 1159 2186 Syncerasti
1178 2133 1239 2172 ora·

74 2205 173 2256 tionem
194 2210 337 2272 tamquam
356 2211 557 2275 interrumpens

935 2293 969 2343 M.
992 2294 1140 2355 Quontodo?

74 2377 305 2442 interrogatio.
324 2383 391 2444 Quid
407 2385 431 2433 si
448 2384 605 2448 piaturoorst?
623 2382 665 2432 ael
681 2382 738 2443 Quo
748 2379 910 2432 condicione?
938 2379 1007 2430 Nam
1027 2381 1175 2440 Quomodo?
1188 2389 1240 2428 non

73 2463 105 2512 ad
118 2465 150 2514 do
162 2465 211 2516 tibi
222 2479 331 2529 operam
343 2469 409 2520 horre
421 2469 506 2519 uerba
522 2467 577 2518 sola
591 2469 716 2532 pertinet,
737 2469 767 2517 ul
777 2465 899 2518 Naudeto
917 2465 1035 2524 uidetur,
1051 2467 1096 2529 qui
1116 2465 1238 2514 adnotat:

73 2549 230 2614 »Quomodo
247 2553 334 2616 inquit
345 2554 463 2618 Milphio,
476 2567 582 2616 operam
590 2554 653 2604 mihi
670 2553 760 2612 dorin
781 2551 809 2600 id
821 2551 893 2600 enim
908 2549 1018 2615 Milphio
1032 2563 1125 2614 rogare
1139 2552 1238 2614 nequit,

75 2638 165 2700 utpote
186 2639 235 2703 qui
256 2638 327 2688 hano
338 2639 389 2689 sibi
402 2653 511 2705 operam
531 2639 587 2690 dari
607 2639 706 2703 cupiat,
727 2641 757 2686 ut
769 2638 945 2700 Syncerastus
958 2639 1067 2686 maneat
1083 2638 1163 2700 alque
1177 2630 1242 2699 quid

75 2722 130 2784 ipse
142 2723 220 2784 uelit,
243 2724 350 2784 audiat,
372 2727 456 2776 immo
470 2725 537 2776 haee
552 2725 724 2786 interrogatio
738 2722 817 2772 simul
831 2722 863 2772 ad
883 2724 906 2770 si
921 2720 1062 2783 saturandi
1076 2721 1157 2771 uerba
1171 2720 1242 2770 rele-

77 2807 158 2858 renda
179 2810 243 2871 est).
276 2812 455 2873 Syncerastos
474 2811 632 2876 respondet:
1255 2877 1264 2894 Ι

244 2896 270 2944 S.
295 2895 324 2948 Vt
342 2900 418 2956 araim,
439 2898 503 2948 mihi
520 2897 564 2947 oti
576 2896 776 2958 uopdlondomat
792 2893 857 2955 (soil.
870 2897 982 2957 propter
993 2901 1063 2955 eain,
1081 2906 1160 2957 quam
1176 2891 1240 2941 mihi

500 2994 587 3046 paras,
607 2981 762 3042 remoram),
783 2984 832 3030 tuto
850 2980 949 3028 eonem
966 2979 1083 3041 sufferes.

72 3065 110 3114 hd
130 3065 201 3116 haee
214 3066 334 3132 Milphio,
355 3070 432 3132 quasi
445 3069 489 3119 uhi
500 3066 615 3118 uerbum
634 3079 688 3116 non
706 3065 741 3115 de
759 3064 811 3113 hoo
822 3063 950 3128 singulari
966 3075 1029 3114 essu
1043 3065 1145 3114 dietum
1159 3065 1239 3124 esset,

74 3150 119 3201 sed
140 3152 301 3216 Syncerasti
319 3153 402 3204 uerba
420 3155 460 3203 sie
478 3155 677 3218 interpretatus,
698 3151 775 3215 quasi
794 3151 817 3200 is
835 3151 960 3200 dixisset:
986 3150 1014 3198 Vt
1030 3152 1106 3209 endo,
1127 3152 1242 3212 quotieas

73 3237 135 3288 milri
153 3237 368 3302 oepulorrdumrt,
389 3245 441 3290 tute
459 3241 561 3291 corium
577 3240 696 3302 estserae,
717 3235 879 3300 respondeat
896 3238 1013 3298 oportet:

245 3324 279 3374 M.
300 3324 402 3388 ripaue:
422 3327 514 3387 nereio,
535 3327 598 3387 quid
614 3327 668 3374 uiri
684 3327 727 3374 eia.
751 3322 844 3382 litoque
861 3323 944 3382 timeo,
964 3333 995 3370 ne
1012 3320 1098 3369 motos
1114 3321 1149 3368 eir
1166 3324 1242 3382 atque

73 3421 148 3472 saepe
166 3409 214 3459 tihi
232 3411 423 3472 adpetendum,
443 3411 506 3462 mihi
523 3413 622 3461 cortem
639 3405 814 3467 sufferendam
830 3406 880 3466 rit).
907 3406 932 3454 S.
953 3405 1037 3454 Molos
1054 3416 1121 3453 rum.
1144 3405 1241 3465 (ireque

74 3500 117 3544 too
135 3497 198 3546 iure
211 3497 305 3557 timer).
326 3497 359 3546 M.
379 3497 432 3546 stoi
448 3499 483 3547 ria
502 3495 654 3560 respondet,
675 3495 692 3543 i.
707 3507 731 3543 e.
746 3495 794 3554 ipsi
811 3497 854 3541 luo
871 3495 942 3553 terro
959 3490 1113 3552 supplicium
1129 3501 1238 3548 arcario,

74 3583 108 3640 ot,
130 3584 162 3632 ut
182 3580 291 3632 iocandi
311 3581 428 3646 denique
446 3581 528 3632 finem
546 3581 632 3640 iaciat,
654 3579 742 3630 addit:
772 3578 804 3627 Te
816 3578 882 3626 soto.
911 3575 954 3636 lei.
975 3576 1054 3624 etiarn
1075 3575 1240 3624 Gronooiunr

75 3666 107 3715 ad
127 3666 155 3716 h.
177 3667 230 3730 u.).
253 3667 364 3717 Accedit
376 3668 450 3732 quod
463 3667 497 3718 ed
509 3680 592 3731 epops
610 3664 801 3729 imperatiuum
814 3674 894 3725 saepe
907 3659 933 3709 id
946 3660 1063 3720 additur,
1083 3671 1137 3723 quo
1155 3658 1241 3722 expli-

75 3755 169 3813 cetur,
190 3765 242 3801 our
260 3752 358 3817 aliquis
377 3767 483 3818 apage
500 3753 586 3811 dieat:
613 3748 699 3800 coni:
721 3747 817 3812 Amph.
839 3750 886 3795 att
906 3745 1007 3808 Apono:
1031 3757 1082 3794 nora
1099 3745 1183 3806 ploret
1200 3755 1241 3794 me

75 3839 309 3890 haereditasse:
329 3842 422 3890 comui
437 3841 520 3899 modo,
542 3839 617 3889 Most.
636 3838 686 3884 Sit
704 3834 805 3896 Apope:
824 3845 875 3882 noo
890 3833 981 3894 ploret,
997 3827 1051 3879 Mil.
1071 3831 1120 3878 ata
1140 3831 1240 3894 Apope:

75 3939 125 3974 noo
141 3926 231 3988 placet
246 3924 361 3987 proferto
376 3927 441 3976 odiit
457 3927 531 3976 dioec
548 3923 697 3987 aedificatio,
713 3919 806 3970 Pseud.
823 3921 871 3968 000
890 3915 976 3979 Apope
992 3919 1023 3975 te,
1047 3916 1170 3978 Harpax:
1189 3918 1242 3966 hoo

73 4015 168 4080 places,
185 4013 261 4062 Trin.
278 4015 327 4062 050
342 4013 429 4076 Apono
447 4016 478 4070 te,
491 4010 585 4064 Amor:
604 4021 655 4058 oon
671 4007 766 4069 plores,
785 4003 850 4054 nihil
861 4007 883 4052 te
895 4006 963 4061 utor,
984 4000 1058 4064 Cupt.
1073 4003 1122 4049 000
1141 4002 1241 4064 Apepo:

75 4100 127 4150 hou
146 4114 194 4150 nos
212 4100 241 4150 td
259 4098 345 4148 deceat
357 4098 487 4162 Fupitiwe
498 4091 702 4157 eminutdpid.
718 4091 748 4150 V,
764 4094 789 4149 ²»
805 4092 819 4136 ⁸
838 4089 926 4150 ’40090
940 4087 1015 4136 illum
1027 4098 1043 4134 ⁰
1055 4097 1109 4135 ’Μ’
1129 4099 1190 4135 Mili
1201 4088 1244 4136 ''ll‘'

76 4190 179 4249 quidem
200 4187 304 4238 Volcani
321 4188 406 4236 iratist
421 4185 499 4249 filius,
520 4183 595 4232 Most.
612 4181 660 4228 000
679 4176 766 4239 Apapo
782 4177 857 4225 iatum
875 4187 892 4222 a
909 4185 950 4222 me
966 4173 1161 4234 perductorum:
1180 4171 1244 4221 nihil
