3116 5020
312 381 354 440 Du
380 382 510 441 Smmxr
534 382 819 441 lsrrnnoearronru
843 382 1040 453 Oenomaus.
1197 384 1276 446 309.

81 559 152 612 Ter.
175 559 246 612 Heu.
269 561 329 613 645
351 550 420 632 (4444,
450 552 533 633 4,23)
561 574 667 629 nequeo
690 561 769 622 sctis,
789 558 880 626 Quam
901 559 953 614 hoc
968 559 1040 612 miti
1062 561 1177 615 uidetur
1191 562 1257 633 sac-

678 668 735 714 tum
755 678 856 732 praue,
883 662 1028 732 proloqui.

175 764 246 818 Hec.
270 766 307 818 47
314 765 323 817 4
358 756 414 838 (111,
436 767 463 829 ὅ,
484 757 532 839 24)
656 764 740 833 idque
762 765 788 818 si
809 782 885 820 aune
908 780 1069 820 memorare
1093 764 1252 830 ticcctim,

559 866 650 934 (Quam
671 867 746 939 fideli
769 871 863 923 animo
887 877 912 923 et
936 868 1054 937 beaipno
1078 868 1107 922 in
1130 868 1210 924 iilam
1231 876 1256 924 et

675 969 803 1024 elementi
826 971 875 1038 sui,
906 972 971 1025 Vere
990 987 1118 1043 possam.

81 1067 150 1126 Hac
190 1067 273 1126 euim
313 1067 429 1128 ratione
466 1065 667 1127 indicatiuum
699 1068 730 1126 in
768 1067 817 1128 his
853 1066 1000 1128 uersibus
1036 1067 1254 1146 explicandum

79 1186 157 1229 esse
182 1166 333 1230 docemur
355 1171 426 1230 Hoc.
454 1171 514 1230 446
545 1170 602 1248 (444,
631 1170 659 1247 4,
688 1167 716 1250 2)
745 1172 809 1230 Non
834 1172 1065 1249 caraecarae,
1093 1173 1253 1246 Parmeno,
1284 1189 1288 1198 ·

82 1271 150 1332 diei
171 1278 268 1349 potest
292 1276 464 1351 Tantam,
491 1291 600 1353 qreom
623 1291 657 1332 re
680 1272 747 1353 ipso
770 1275 920 1354 acccipere
943 1273 1257 1336 iacemmcdrcmst

86 1373 133 1455 [id
158 1383 209 1435 est
230 1395 289 1436 aaa
312 1375 375 1436 diei
392 1383 497 1455 potest,
525 1394 615 1455 peram
638 1377 883 1437 incommodatur
897 1377 1070 1459 accipere),
1097 1385 1127 1437 et
1143 1376 1253 1438 Claud.

83 1477 284 1557 Quadrigarii
315 1477 417 1539 annal.
446 1478 485 1538 47
521 1480 617 1559 (Peter
644 1497 675 1556 p.
703 1481 776 1558 222,
806 1481 854 1561 ta)
883 1478 984 1540 Adeo
1007 1481 1172 1542 memorari
1197 1483 1257 1541 arec

80 1589 231 1662 potestur,
257 1590 299 1642 at
321 1599 420 1642 omnes
444 1583 561 1642 simul
583 1601 671 1642 saum
689 1584 813 1664 pacisque
828 1585 978 1664 nepotiane
997 1585 1098 1646 adorti
1119 1584 1250 1664 cesenat

89 1685 165 1760 (nisi
196 1683 326 1746 fortasse
354 1685 426 1746 adeo
449 1686 600 1765 particula
629 1684 670 1745 ad
697 1705 732 1746 ea
764 1685 924 1746 referenda
954 1696 1035 1765 erat,
1074 1706 1154 1766 quae
1184 1687 1254 1747 olim

82 1787 350 1869 praecesserunt).
392 1789 536 1850 Ceterum
566 1807 628 1849 non
660 1809 709 1848 me
738 1788 816 1868 fugit
845 1790 935 1850 aliam
964 1799 1122 1870 praeterea
1152 1791 1255 1850 inter-

82 1888 234 1972 pretandi
249 1893 332 1952 uiam
348 1901 465 1970 extare,
482 1911 543 1971 qua
556 1892 614 1951 hae
630 1891 799 1953 locutiones
816 1912 887 1953 cum
903 1895 1000 1955 nescio
1017 1894 1094 1974 qais,
1114 1892 1186 1972 qaid
1198 1901 1252 1954 etc.

85 1993 298 2055 locutionibus
320 2003 545 2073 comparentur.

178 2096 207 2178 3)
235 2099 405 2158 Pronomen
421 2097 698 2158 demonstratiuum
728 2095 770 2178 (id
792 2097 951 2179 ualeam),
978 2098 1060 2176 quod
1083 2100 1257 2177 pronomini

87 2202 221 2262 relatiua
243 2200 455 2281 responderet,
482 2202 630 2262 omissum
652 2209 715 2262 est:

90 2312 158 2366 Ter.
185 2311 259 2364 Eun.
289 2314 325 2366 99
356 2309 387 2379 (Ι,
416 2316 445 2378 4,
475 2304 522 2387 49)
551 2308 609 2366 Sed
644 2308 698 2364 tac
735 2327 793 2380 qua
828 2312 921 2380 pratia
961 2309 996 2363 Te
1033 2312 1138 2364 arcessi
1175 2312 1254 2380 iussi,

660 2412 798 2467 ausculta.
824 2406 951 2487 [supple:
979 2413 1017 2476 id,
1042 2414 1120 2466 caius
1135 2407 1253 2488 pratia.)

95 2510 187 2591 (coni.
216 2510 310 2572 Stich.
338 2511 399 2570 363
429 2509 473 2589 (ll,
501 2511 531 2588 2,
560 2508 609 2590 39)
641 2513 710 2569 Tam
743 2512 906 2590 coicitur,
939 2529 1000 2589 qua
1030 2528 1124 2569 causo
1148 2511 1258 2571 missus

90 2635 125 2675 cs
149 2612 192 2673 ad
209 2622 341 2694 portum,
368 2613 407 2674 id
432 2611 554 2693 expedi.
582 2612 663 2674 nod.
689 2613 766 2692 prol.
795 2614 830 2672 34
865 2614 963 2688 Noae,
996 2611 1055 2672 hac
1077 2631 1138 2691 qua
1162 2632 1258 2674 caasa

88 2718 195 2794 ueni,
223 2723 486 2797 aryamcntam
509 2715 660 2794 eloquar.)

93 2828 134 2882 Pl.
162 2827 231 2882 cist.
258 2826 279 2893 1,
311 2829 337 2893 4,
366 2827 404 2879 84
428 2841 486 2896 qua
509 2825 659 2879 arcessitae
682 2841 768 2879 cansa
792 2824 830 2878 ad
851 2841 893 2878 acc
916 2825 995 2892 estiS,
1021 2824 1151 2894 eloquar.

179 2929 284 2998 Amph.
311 2928 386 2998 prol.
403 2921 451 2982 '50
477 2929 559 2984 Nunc
590 2944 677 2999 quam
707 2945 765 2984 rem
797 2935 909 2983 oratam
941 2928 994 2983 hac
1018 2929 1102 2996 ueni,
1133 2929 1258 3001 primum

661 3030 829 3101 proloquar.

181 3134 254 3189 Rud.
283 3137 341 3190 430
371 3129 415 3209 (11,
445 3139 474 3198 3,
504 3131 551 3208 44)
623 3134 704 3187 Nunc
734 3148 821 3202 quam
850 3133 884 3188 ob
913 3149 970 3188 rem
1002 3133 1054 3187 tac
1077 3149 1142 3187 sum
1163 3135 1257 3201 inissa,

661 3235 762 3290 amabo
786 3236 832 3290 uel
857 3243 886 3290 tu
908 3237 948 3290 mt'
970 3237 1028 3290 aias
1050 3236 1098 3290 uel
1121 3251 1218 3305 neges.

92 3343 161 3397 Ter.
187 3340 302 3395 Phorm.
331 3342 390 3396 798
421 3331 462 3413 (V,
492 3344 520 3406 3,
551 3331 599 3413 45)
629 3338 704 3404 Qcta
727 3337 778 3393 ta?
808 3340 906 3410 ecquid
934 3336 1056 3394 locutn's
1087 3355 1149 3393 cam
1179 3339 1258 3406 istac,

248 3429 256 3454 ’
662 3457 750 3512 quam
774 3440 807 3496 ob
831 3458 887 3496 rem
910 3442 983 3496 hanc
1007 3439 1158 3495 ducimus?

92 3549 133 3602 Pl.
161 3547 235 3602 Men.
264 3549 324 3602 744
353 3543 395 3613 (V,
427 3549 453 3612 4,
484 3544 531 3614 44)
624 3546 685 3600 Non
716 3552 745 3598 ta
774 3545 845 3612 scis,
879 3545 988 3607 mulier,
1020 3543 1161 3599 Hecubam
1184 3560 1259 3613 qua-

662 3653 783 3716 propter
813 3662 912 3702 canem
943 3645 1024 3701 Graii
1053 3663 1112 3702 esse
1142 3646 1260 3716 praedi·
1330 3695 1340 3710 ,

663 3747 788 3804 cabant?

164 3867 187 3930 4)
210 3868 320 3930 Propter
338 3866 493 3915 inusitatam
513 3868 665 3928 temporum
679 3864 897 3913 consecutionem
912 3876 944 3912 ne
960 3861 1041 3912 uerba
1055 3865 1182 3928 corrupta
1196 3865 1258 3923 sint,

92 3953 245 4003 uerendum
265 3956 321 4012 est;
342 3955 466 4016 expectes
485 3951 580 3999 saltem
599 3952 649 3999 siat
672 3964 721 4014 pro
748 3953 836 3999 esseut.
869 3949 960 4012 ltaque
979 3961 1041 3996 cum
1066 3948 1127 3997 iibri
1146 3948 1261 3998 Noniani

90 4044 153 4090 snat
170 4052 219 4103 pro
237 4052 314 4088 suam
332 4038 487 4102 praebeant,
510 4035 622 4085 fortasse
642 4049 696 4084 non
714 4040 773 4085 snat
790 4037 816 4084 in
835 4047 911 4085 saum
929 4033 1097 4093 mutandum,
1120 4034 1176 4096 sed,
1198 4036 1259 4098 quia

91 4139 172 4177 scam
189 4129 251 4189 post
269 4129 328 4174 snat
346 4122 424 4173 facile
443 4121 568 4172 excidere
587 4122 688 4186 potuit,
717 4120 889 4172 scribendum
916 4121 957 4170 est
974 4120 1061 4170 Adeo.
1080 4160 1086 4172 .
1104 4157 1109 4168 .
1130 4124 1158 4170 at
1176 4133 1261 4173 omncs

94 4211 173 4262 simul
190 4216 249 4260 sant
266 4205 360 4276 (saum)
378 4213 484 4271 qaisqac
503 4209 632 4271 capotium
650 4209 740 4258 adorti.
