3126 5028
306 444 364 504 lca
683 445 855 502 Lacronnvs
880 442 1065 499 Rnruurnnr.

301 616 496 692 Quamquam
518 614 611 694 igitur
634 631 694 674 non
718 614 744 672 is
767 630 855 689 sum,
889 611 942 690 qui
973 628 1081 689 negem
1111 609 1255 671 aPlaute
1278 608 1464 687 quidquam,

301 716 385 796 quod
414 718 517 778 minus
545 714 771 797 probabilitatis
794 713 922 792 habeat,
957 711 1138 792 praesertim
1161 712 1217 772 ioci
1240 729 1334 774 cansa
1357 711 1467 773 lictum

301 839 371 882 esse
392 839 500 900 posse,
531 829 633 880 tamen
656 826 778 898 poetam
800 818 833 878 in
861 835 910 895 re,
944 832 1005 894 qua
1032 824 1191 892 tamquam
1219 813 1343 876 fabulae
1373 814 1468 876 cardo

301 931 451 1000 uertatur,
491 920 663 1000 quidquam
701 921 816 998 fingere
844 937 946 999 posse,
985 916 1069 997 quod
1099 918 1309 994 compositioni
1339 917 1468 980 fabulae

302 1024 502 1101 aduersatus,
528 1041 615 1102 nego.
657 1024 778 1083 Praeter
799 1023 855 1082 bos
877 1029 981 1082 autem
1004 1037 1116 1082 uersus
1147 1019 1224 1080 nihil
1253 1030 1353 1098 extat,
1381 1021 1468 1100 quod

302 1135 455 1190 mutatum
479 1126 562 1188 serui
585 1125 743 1204 ingenium
765 1134 836 1202 apte
859 1124 1014 1203 explanet.
1052 1123 1115 1183 lam
1138 1123 1232 1200 igitur
1261 1133 1345 1184 recte
1375 1125 1468 1184 coni-

303 1232 376 1308 cias,
403 1247 465 1290 non
486 1245 595 1308 pauca,
622 1245 702 1307 quae
725 1225 804 1288 illud
825 1225 1040 1303 continuerint,
1068 1225 1230 1286 interiisse.

388 1332 546 1392 Praeterea
570 1328 671 1391 tribus
692 1329 766 1390 locis
787 1327 921 1389 Calliclis
943 1327 1036 1388 filiam
1059 1326 1146 1406 prius
1169 1327 1331 1389 Diniarcbo
1352 1327 1468 1389 deinde

303 1435 354 1496 alii
377 1434 482 1496 iuueni
504 1431 690 1510 desponsam
714 1449 783 1492 esse
805 1438 1078 1507 commemoratur,
1111 1449 1151 1489 ex
1180 1429 1298 1509 quibos
1320 1431 1388 1491 ueri
1414 1431 1470 1492 liat

303 1536 403 1598 simile
426 1537 457 1596 in
481 1535 601 1596 scaenis
623 1532 792 1612 deperditis
814 1532 932 1613 aliquid
960 1532 998 1593 de
1026 1534 1074 1594 his
1097 1532 1193 1593 rebus
1216 1532 1334 1594 dictum
1357 1533 1467 1594 luisse.

301 1640 436 1718 Operam
458 1648 562 1700 autem
585 1635 710 1716 perdat,
741 1637 795 1715 qui
825 1655 864 1696 ex
893 1635 1009 1698 talibus
1040 1635 1135 1696 nebus
1165 1636 1216 1696 uel
1240 1636 1403 1697 minimum
1428 1635 1469 1696 de

301 1759 409 1804 earum
432 1741 650 1819 compositione
672 1740 834 1800 enucleare
853 1748 998 1814 conetur3
1025 1757 1064 1799 ne
1086 1738 1159 1799 inde
1182 1737 1310 1818 quidem
1334 1739 1469 1800 multum

302 1845 469 1920 lucramur,
495 1841 581 1922 quod
604 1841 787 1920 Astaphium
810 1860 858 1903 us.
886 1842 921 1917 ll,
948 1843 978 1916 2,
1006 1842 1130 1904 62-63
1157 1839 1247 1901 dicit:

437 1947 542 2008 Vtram
558 1944 719 2026 cycillum,
738 1945 921 2024 quamquem
937 1944 1107 2021 elocutust,
1130 1946 1217 2023 spe'ro
1234 1945 1382 2006 laniaturi
1399 1949 1470 2024 pote

432 2047 661 2122 Bldadr'mentr's,
688 2046 894 2120 tutamentis,
920 2048 1025 2108 atteris
1047 2047 1236 2107 meretriciis.
1263 2079 1304 2092 -

389 2151 543 2212 Postremo
578 2148 654 2208 mihi
686 2147 776 2209 liceat
809 2156 970 2210 centonem
1003 2167 1020 2208 a
1049 2147 1156 2209 Plauto
1186 2147 1379 2226 abiudicare,
1412 2151 1470 2228 qui

303 2253 447 2332 quamuis
471 2253 597 2330 ineptus
619 2251 668 2329 sit,
695 2260 731 2312 ut
745 2269 829 2312 nunc
848 2249 980 2312 editores
995 2251 1040 2311 sic
1062 2260 1129 2310 tum
1152 2261 1340 2331 spectatores
1362 2250 1470 2312 fallere

303 2356 413 2435 potuit.
453 2355 486 2414 ln
509 2353 654 2416 uersibus
678 2354 760 2414 enim
783 2354 808 2413 ll
834 2355 860 2430 l,
894 2354 998 2414 5-43
1031 2351 1111 2414 duae
1141 2355 1313 2416 sententiae
1343 2357 1469 2434 saepius

304 2465 504 2536 repetuntur,
535 2457 671 2536 primum
702 2456 900 2518 Phronesium
931 2455 1058 2517 consilia
1087 2457 1220 2517 maxime
1250 2466 1364 2518 secreta
1394 2475 1468 2518 cum

304 2560 466 2620 Diniarcho
488 2559 715 2619 communicare
739 2559 847 2636 solere,
876 2557 988 2619 deinde
1011 2558 1094 2620 bunc
1115 2566 1283 2640 amatorem
1306 2559 1469 2620 nihilium
1561 2595 1562 2642 y

305 2661 480 2740 possidere,
507 2680 578 2724 nam
601 2663 719 2738 omnia,
747 2680 827 2740 quae
849 2669 939 2721 antea
966 2660 1156 2740 possederit,
1189 2679 1274 2722 nunc
1302 2661 1468 2723 mulierum
1561 2643 1562 2656 ¹

304 2783 391 2840 esse;
418 2783 497 2844 quas
520 2765 706 2841 sententias,
733 2763 759 2824 si
782 2765 955 2844 argumenti
977 2762 1103 2825 fabulae
1125 2781 1219 2843 supra
1243 2764 1373 2844 expositi
1395 2783 1469 2826 ma-

213 2881 215 2884 ·
305 2869 441 2944 minaris,
467 2867 559 2948 plane
581 2866 715 2928 absonas
738 2885 807 2928 esse
829 2875 972 2946 apparet:
1007 2885 1080 2927 nam
1110 2865 1188 2928 duas
1211 2885 1262 2928 res
1284 2885 1318 2928 se
1340 2867 1468 2928 eredere

304 2970 422 3048 eadem,
443 2987 522 3049 quae
537 2969 613 3030 baec
629 2968 725 3029 uerba
741 2969 887 3048 loquitur,
910 2968 1094 3048 Astaphium
1110 2967 1360 3032 manifestissimo
1376 2969 1468 3033 modo

305 3073 481 3150 declarauit,
508 3082 539 3134 et
555 3072 752 3134 Diniarchum
774 3070 887 3134 lundcs
910 3082 941 3132 et
962 3069 1056 3133 aedes
1071 3073 1163 3133 etiam
1179 3082 1245 3133 tum
1260 3071 1422 3151 possidere
1438 3085 1470 3134 et

304 3175 507 3238 Phronesium
537 3193 608 3236 eum
639 3174 677 3235 de
712 3183 803 3253 partu
831 3173 937 3236 fallere
964 3174 1061 3248 uelle3
1102 3175 1244 3254 sequitur
1270 3175 1326 3236 hos
1354 3193 1470 3238 uersus
1560 3247 1561 3258 ,

306 3295 368 3338 non
398 3296 488 3357 posse
519 3277 674 3339 Plautinos
705 3295 784 3353 esse,
817 3276 872 3339 sed
902 3296 950 3338 us.
979 3278 996 3336 l
1021 3295 1091 3337 cum
1120 3295 1169 3338 us.
1206 3278 1244 3337 lt
1275 3279 1471 3358 coniungen-
1560 3291 1561 3294 ’

304 3379 380 3442 dum
403 3398 491 3458 esse,
524 3389 560 3440 ut
581 3380 707 3456 ancilla,
740 3388 905 3458 postquam
935 3379 1132 3441 Diniarchum
1156 3379 1246 3441 bonis
1268 3381 1335 3441 suis
1355 3381 1472 3461 prina-

305 3493 371 3546 tum
394 3483 432 3541 iri
455 3481 616 3559 disseruit,
647 3483 707 3544 iam
731 3480 884 3560 quomodo
907 3482 1083 3544 meretrices
1106 3490 1258 3543 amatores
1287 3483 1409 3544 allicere
1440 3495 1473 3546 et

305 3583 536 3646 circumducere
559 3583 686 3662 soleant,
714 3567 858 3662 exponat.
898 3584 960 3645 Nec
983 3585 1068 3645 casui
1091 3584 1292 3647 tribuendum
1315 3587 1472 3666 estquod

306 3689 355 3748 hic
377 3689 408 3748 in
423 3687 568 3748 omnibus
590 3686 654 3748 lere
677 3686 823 3748 uersibus
845 3684 1030 3747 adlitteratio
1052 3695 1146 3764 extat,
1171 3705 1264 3767 wem
1287 3690 1321 3749 in
1344 3690 1472 3752 Trucu—

305 3786 386 3850 lento
410 3790 552 3852 Plautum
575 3789 662 3850 solito
688 3789 811 3870 parcius
834 3787 1015 3850 adhibuisse
1037 3799 1144 3850 auctor
1166 3799 1214 3852 ast
1228 3791 1433 3872 Kiesslingius
1446 3792 1465 3874 ¹)
1559 3827 1560 3862 f

305 3893 345 3956 At
366 3892 440 3955 uide
461 3891 686 3970 interpolatoris
1559 3879 1560 3908 ³

304 4047 510 4058 ..—-————

376 4135 398 4192 4)
420 4131 566 4194 lliessling:
592 4143 696 4180 recens.
717 4130 801 4180 Plaut.
822 4131 900 4180 Truc.
922 4129 965 4180 ed.
985 4130 1014 4179 Α.
1036 4131 1158 4196 Spengel,
1185 4132 1211 4180 in
1230 4144 1292 4180 aun.
1313 4131 1383 4197 phil.
1407 4139 1476 4188 tata

306 4232 331 4283 p.
354 4219 399 4265 644
422 4230 462 4281 sq.
