3126 5028
287 406 346 465 104
628 471 632 478 ,
672 407 842 464 Lsoroeovs
867 406 1048 465 Rutunium,

283 575 361 636 iacta
384 593 453 637 esse
475 574 640 650 contendit.
682 575 744 634 Hoc
766 582 847 634 recte
870 573 987 636 dictum
1010 592 1079 636 esse
1096 575 1130 634 llo
1149 574 1362 636 Muellerus
1385 591 1450 632 ne-

283 679 367 758 gauit
389 680 564 760 optimoque
587 679 653 738 inre
676 677 717 738 ita
739 675 955 758 disputauitllz
983 675 1040 753 ,Ac
1055 676 1103 738 iac
1117 695 1186 738 esse
1203 675 1344 739 fabulam
1367 693 1448 736 con-

284 781 473 859 taminatam,
499 779 575 859 quid
590 779 803 840 lucrabimur:l
841 779 947 840 Nonne
969 781 1060 841 etiem
1085 780 1180 859 magis
1196 779 1372 840 mirandum
1388 778 1451 838 erit

283 892 414 964 poetam,
440 884 495 963 qui
517 892 600 944 tanta
625 880 782 960 diligentia
805 880 937 944 duarum
962 881 1141 943 fabularum
1162 889 1342 962 argumenta
1366 881 1450 942 inter

284 1004 317 1047 se
341 995 545 1065 componeret,
574 994 608 1046 ut
630 1004 670 1044 ex
692 984 729 1044 iis
752 1003 825 1046 uere
841 1003 934 1046 unam
950 984 1073 1062 feceret,
1100 984 1235 1047 eundem
1249 986 1282 1045 iu
1301 983 1445 1062 singulis,

283 1106 363 1167 quae
390 1097 508 1167 tamen,
541 1089 567 1149 si
596 1087 723 1167 quidem
751 1086 889 1165 scripsit,
921 1106 991 1148 cum
1022 1088 1089 1166 ipso
1111 1087 1236 1149 fabulae
1264 1095 1449 1165 argumento

283 1190 437 1250 artissime
466 1191 679 1267 cohaererent,
717 1190 794 1270 qnid
823 1191 949 1251 consilio
978 1210 996 1250 a
1025 1209 1059 1251 se
1089 1191 1229 1251 instituto
1255 1190 1449 1249 conueniens

282 1300 365 1353 esset
386 1309 447 1352 non
470 1293 663 1354 curonissel‘
701 1291 785 1354 Idem
802 1311 876 1352 nem
892 1292 988 1353 multa
1006 1292 1084 1354 falsa
1107 1293 1234 1372 protulit
1255 1293 1449 1369 minimeque

283 1393 323 1454 ad
360 1393 452 1455 linem
483 1413 549 1455 rem
580 1394 766 1472 perduxisse
802 1394 988 1456 indicandus
1018 1405 1074 1456 est.
1122 1392 1379 1475 Geppertnsll
1414 1395 1449 1452 in

283 1495 416 1558 editione
439 1515 496 1558 sua
519 1499 635 1578 passim
658 1498 789 1558 aliorum
810 1498 964 1578 proposita
981 1498 1133 1577 recipiens
1151 1516 1213 1558 non
1228 1496 1362 1561 multum
1378 1497 1448 1575 ipse

282 1597 426 1676 adrem,
453 1599 492 1660 de
516 1617 576 1679 qua
600 1601 716 1679 egitur,
743 1598 987 1679 promouendam
1012 1599 1149 1680 proiecit.
1192 1601 1332 1680 Denique
1353 1599 1449 1659 Wei-

282 1701 377 1781 sinsil
410 1711 517 1782 postea
545 1720 618 1763 snas
646 1711 734 1764 notes
762 1703 906 1782 repetiuit
932 1703 1063 1782 aliisque
1093 1704 1189 1764 auxit.
1237 1702 1332 1764 Nobis
1360 1720 1448 1762 nunc

281 1804 473 1884 propositum
496 1814 543 1866 est
564 1823 616 1866 eos
639 1805 735 1884 locos,
768 1823 900 1883 quorum
930 1824 1005 1867 nera
1036 1804 1174 1867 condicio
1200 1804 1304 1866 adhuc
1325 1805 1447 1866 occulta

281 1925 351 1968 esse
366 1906 501 1984 uidetur,
525 1907 638 1969 iterum
655 1909 686 1968 in
701 1907 849 1970 iudicium
865 1926 987 1986 uocare,
1015 1907 1222 1986 difficultates,
1249 1926 1328 1988 ques
1345 1926 1448 1987 prae-

282 2008 367 2087 bent,
387 2007 490 2087 quoad
505 2011 684 2090 poterimus,
704 2030 874 2089 remouere,
901 2009 1035 2090 denique
1055 2011 1095 2072 de
1111 2012 1330 2091 compositione
1346 2010 1448 2072 febu-

280 2131 317 2172 ae
339 2110 487 2172 iudicium
510 2111 600 2173 ferre.

367 2213 469 2292 Atque
491 2215 611 2276 initium
638 2216 715 2278 lecio
737 2235 754 2276 a
777 2235 825 2279 us.
853 2215 904 2276 57.
932 2217 972 2276 58
1002 2216 1032 2295 (l,
1062 2217 1090 2294 l,
1121 2217 1171 2276 56.
1200 2215 1270 2290 57J:

622 2320 701 2393 (luia
724 2319 830 2380 cotidie
853 2321 915 2399 epse
938 2319 979 2380 od
1001 2338 1047 2381 me
1069 2320 1109 2381 db
1134 2321 1245 2400 leplooe
1269 2318 1414 2398 epistulas

411 2419 554 2495 Mittebat,
581 2419 633 2481 sed
655 2428 781 2497 teeeom,
807 2424 959 2500 optumum
981 2429 1035 2482 est.

280 2523 388 2584 Nostro
411 2523 477 2582 iure
500 2523 733 2602 interrogamus,
760 2523 837 2603 qnid
859 2525 915 2602 sit,
942 2523 1026 2604 qnod
1048 2543 1160 2585 seruus
1190 2523 1316 2584 reticere
1344 2521 1442 2594 nelit;

282 2624 428 2702 inspectis
450 2643 524 2686 nero
547 2626 585 2686 iis
613 2626 702 2703 locis,
738 2625 791 2686 ubi
815 2625 962 2705 Epidicus
992 2626 1031 2688 de
1059 2626 1167 2688 eadem
1197 2645 1231 2686 re
1254 2625 1447 2706 Thesprione

282 2724 412 2786 absente
434 2727 587 2807 loquitur,
614 2746 704 2789 seruo
726 2729 962 2810 aStratippoele
986 2729 1168 2791 mandatnm
1190 2747 1259 2790 esse
1282 2726 1441 2799 docemur,

281 2838 317 2890 ut
338 2839 454 2890 emeret
477 2828 646 2908 fidicinam,
680 2849 775 2910 quam
804 2834 830 2892 is
853 2831 982 2894 Athenis
1005 2842 1136 2910 amaret,
1169 2831 1245 2894 dum
1267 2831 1334 2910 ipse
1356 2831 1445 2911 apud

281 2932 430 3012 legionem
454 2943 545 3009 esset,
572 2943 728 3010 praeterea
751 2943 855 2996 autem
880 2935 955 2996 nihil
977 2953 1035 3017 per
1050 2945 1143 2996 totum
1159 2933 1297 2996 tabulam
1311 2933 1445 2994 iuueni-

280 3043 339 3112 tur,
366 3033 450 3112 quod
473 3034 621 3115 Epidicus
638 3037 858 3117 Thesprionem
874 3038 972 3099 celare
987 3038 1137 3118 potuerit;
1163 3047 1195 3097 et
1209 3038 1236 3098 si
1257 3035 1333 3116 quid
1354 3034 1444 3096 aliud

279 3147 371 3215 esset,
397 3147 486 3218 poeta
510 3137 541 3199 id
564 3157 633 3200 oum
657 3139 883 3218 spectatoribus
905 3141 1130 3202 communicare
1159 3139 1334 3216 debuisset,
1368 3156 1444 3199 enm

259 3239 374 3300 semel
398 3241 517 3302 animos
539 3259 645 3302 eorum
670 3240 710 3302 ad
726 3241 805 3304 hanc
827 3260 892 3302 rem
914 3244 1068 3305 uertisset.
1110 3242 1173 3304 Sed
1192 3244 1247 3322 qui
1261 3242 1361 3323 potnit
1383 3239 1445 3300 hoc

279 3341 387 3420 celare,
413 3343 439 3402 si
462 3361 510 3404 us.
538 3345 663 3404 46-48
692 3342 723 3423 (1.
752 3345 781 3422 l,
809 3346 963 3426 tt-lt):

493 3464 570 3528 Nom
594 3466 672 3524 ce'rto
693 3466 873 3545 priusquam
897 3465 964 3525 line
987 3464 1029 3524 dd
1052 3465 1191 3545 lepionem
1214 3463 1291 3525 otio
1312 3464 1409 3539 domo,

494 3563 583 3643 lpsals
605 3565 763 3626 mandauit
780 3567 830 3641 mi,
858 3567 897 3626 cib
923 3567 1024 3628 lenone
1046 3574 1079 3626 ut
1100 3566 1228 3643 fidicine

397 3669 505 3740 Quem
528 3666 651 3728 omdbet
673 3665 822 3728 emeretur
843 3668 912 3729 stoi.
952 3668 990 3729 Id
1012 3669 1041 3728 ei
1060 3670 1252 3748 impetratum
1275 3668 1407 3729 reddidi.

346 3925 369 3984 t)
391 3924 429 3974 De
447 3923 534 3974 Plauti
553 3923 665 3989 Epidico
684 3937 735 3975 scr.
756 3924 785 3974 ll.
806 3923 926 3973 Mueller.
947 3924 1062 3974 Berolini
1082 3928 1148 3974 tata
1168 3939 1193 3990 p.
1215 3928 1238 3973 t.

345 4009 370 4069 t)
392 4008 425 4058 tl.
447 4009 509 4058 leci
528 4008 614 4058 Pleuti
632 4009 761 4073 Epidicus
779 4008 821 4058 ed.
843 4010 871 4059 C.
893 4009 923 4058 Ε.
947 4009 1073 4075 Geppert.
1105 4009 1221 4059 lierolini
1241 4013 1316 4060 tect.

346 4095 369 4154 3)
392 4093 439 4143 Die
457 4093 606 4144 Komtdien
625 4095 672 4145 des
691 4095 800 4146 Plautus
818 4094 929 4146 krltiseh
947 4095 1103 4150 beteuehtet
1118 4107 1173 4146 ‘von
1192 4094 1290 4156 Weise,
1310 4095 1451 4156 Quedlin-

274 4177 343 4242 purg
363 4180 439 4227 roeo.
