3176 5028
497 414 701 484 Qrsrsrronos
724 427 877 472 narniens.
1226 409 1268 470 25

107 575 227 660 habere,
259 585 321 644 nisi
344 592 427 644 esset
441 584 507 646 ueri
524 583 657 644 similius
672 591 789 646 rotasse
805 591 994 662 corruptura,
1022 599 1148 644 uersum
1164 589 1267 642 numm

107 684 187 747 hunc
207 687 243 746 in
266 685 395 748 modum
417 684 685 748 constituendum:

189 791 351 871 Postquam
382 791 418 852 ea
447 789 580 851 adoleuit
608 788 649 850 dd
677 806 743 850 eom
773 795 918 868 oetatem,
956 790 1008 868 qui
1035 787 1115 849 uiris
1143 785 1267 846 Placere

105 890 262 974 pertrait)
292 901 353 938 -'

188 994 299 1055 Casia.
324 996 349 1057 V
373 996 401 1072 i,
429 995 469 1055 25
493 994 668 1075 Geppertus
690 992 804 1056 edidit:

235 1097 347 1158 censeo
362 1099 479 1159 ecosmr
501 1095 579 1158 hamc
600 1097 720 1158 uenmm
735 1096 879 1158 dandam.
919 1097 1045 1157 Faciam
1067 1098 1126 1156 att
1148 1094 1266 1158 iubes.

107 1197 160 1261 scd
181 1198 237 1260 ΑΒ
261 1199 430 1278 praebent:
460 1200 570 1262 Censeo
593 1206 711 1261 ecastor
732 1199 811 1260 baro
825 1200 944 1260 vertiam
966 1198 1110 1260 dandam.
1143 1199 1269 1260 Faciam

107 1309 140 1361 ut
174 1299 260 1362 iubes
303 1300 374 1383 (non
410 1303 474 1381 ati,
515 1311 551 1364 ut
587 1322 627 1363 ex
663 1301 810 1383 Gepperti
843 1309 994 1382 apparatu
1025 1301 1128 1362 critico
1161 1302 1267 1362 conie-

107 1401 205 1483 ceris),
234 1405 296 1465 nisi
320 1401 404 1484 quod
425 1406 448 1465 B
470 1413 568 1467 toturn
591 1423 719 1466 uersum
746 1405 801 1465 uni
829 1423 979 1485 personae
1008 1403 1126 1466 tribuit.
1166 1402 1269 1483 Atque

108 1506 132 1568 si
154 1505 326 1568 contuleris
347 1508 404 1568 hos
425 1526 577 1571 uersuum
599 1509 717 1570 exitus:
752 1508 838 1568 Most.
866 1509 942 1570 929:
970 1541 1014 1553 -
1035 1505 1111 1583 filio.
1145 1507 1269 1568 Faciam

107 1605 139 1668 rit
153 1607 257 1685 iubes,·
283 1611 353 1673 Cas
373 1611 400 1670 ΙΙ
415 1612 443 1687 6,
464 1610 522 1671 67:
543 1645 585 1655 -
599 1608 731 1690 miptids.
775 1611 897 1670 Faciam
912 1608 946 1670 cit
960 1608 1059 1684 iuben·
1084 1605 1170 1670 Asin.
1191 1609 1263 1668 369:

110 1707 224 1788 3-,prd
248 1712 355 1774 asiais.
398 1714 521 1774 Faciam
542 1711 576 1774 tit
598 1713 701 1788 iubes,·
725 1713 832 1773 Bacch.
851 1713 927 1774 228:
950 1747 989 1756 —
1006 1711 1162 1774 Bdccbidi.
1203 1713 1269 1772 Fa-

108 1813 184 1874 ciom
207 1811 244 1875 dt
267 1813 351 1876 iubar
378 1815 425 1892 (ci.
451 1815 571 1877 Phorm.
599 1814 671 1876 795.
698 1816 767 1875 Heo.
796 1814 883 1894 tto),
909 1832 970 1875 non
994 1812 1164 1892 dubitabis,
1191 1814 1268 1894 quin

107 1913 154 1976 illo
176 1935 276 1978 uersu
298 1916 417 1998 aliquid
438 1917 597 1996 exciderit,
623 1916 725 1979 uelut:

236 2019 346 2080 censeo
380 2023 497 2082 ecastor
529 2021 608 2083 banc
639 2021 760 2082 aeriam
794 2019 926 2082 dandam
960 2013 1032 2105 (et).
1082 2019 1204 2082 Faciam
1236 2016 1271 2080 rit

525 2121 664 2203 inhesit]

108 2221 181 2282 Nam
196 2221 353 2301 datiuum,
373 2226 432 2286 etsi
447 2243 509 2286 non
524 2227 565 2286 sit
578 2226 782 2302 necessarius
802 2234 905 2287 tamen
923 2243 985 2284 non
1001 2242 1269 2305 superuacaneum

108 2342 174 2386 esse
196 2325 313 2388 docent
334 2346 389 2388 uu.
410 2329 449 2388 ts
465 2336 496 2388 et
511 2329 562 2389 26.
589 2329 623 2390 Si
638 2327 779 2390 datiuum
796 2327 942 2408 supplere
957 2346 1019 2388 non
1034 2329 1094 2405 uia,
1120 2326 1171 2389 uel
1187 2329 1271 2388 scri-

108 2425 246 2504 bendum
271 2439 335 2490 est:
366 2465 404 2475 —
429 2429 573 2492 ddadam.
616 2431 737 2492 Faciam
760 2433 802 2493 ito.
818 2429 853 2491 at
868 2428 952 2492 iubes
972 2427 1019 2510 (ci.
1039 2429 1150 2510 Amph.
1172 2431 1266 2491 tttt.

110 2529 191 2612 bit),
230 2532 284 2594 uel
317 2531 598 2611 transponendum:
646 2522 781 2595 ‘Ecastor
810 2532 888 2595 banc
925 2533 987 2606 (uel
1019 2533 1107 2594 Hdac
1138 2531 1264 2614 ecastor)

111 2634 228 2696 mmmm
251 2633 387 2696 dandam
411 2637 525 2698 censeo.
564 2637 687 2698 Faciam
711 2634 746 2698 dt
766 2636 861 2699 irobes.
889 2669 928 2680 -

192 2736 285 2818 Epid.
313 2737 391 2816 112,
419 2739 457 2798 st
482 2738 516 2800 C.
543 2740 574 2800 F.
601 2739 637 2801 G.
663 2738 828 2800 Muellerus
860 2739 911 2818 [Pi.
937 2740 985 2800 Pr.
1011 2757 1064 2818 pp.
1091 2739 1163 2800 306.
1191 2739 1265 2800 555.

111 2839 145 2900 ci.
169 2839 294 2902 Nachtr.
320 2857 352 2918 p.
378 2840 429 2921 32)
454 2843 629 2921 proposuit:

235 2934 307 3003 'Vbi
326 2943 385 3004 erit
405 2951 514 3024 empta,
540 2952 574 3006 ut
587 2941 688 3025 dliqao
710 2962 753 3006 ea
770 2943 845 3004 urbe
860 2946 1014 3021 amouens,
1039 2943 1101 3004 atsi
1121 2941 1269 3024 quidem

1110 3049 1179 3108 tad

236 3149 347 3210 Secust
367 3150 524 3211 commotio.

112 3247 189 3309 Libri
204 3250 375 3329 praebent:
399 3243 470 3336 ''Vbi
489 3252 548 3314 erit
569 3259 678 3332 empta,
704 3258 739 3312 at
760 3251 862 3333 ‹iliqao
877 3269 921 3313 em
935 3250 1011 3314 rirbe
1032 3254 1185 3330 dmoaeas,
1211 3251 1273 3313 nisi

112 3351 181 3430 qaid
193 3387 195 3390 ·
210 3360 283 3430 tua,
318 3352 360 3414 ad
389 3372 483 3433 quem
510 3354 629 3415 hiatum
656 3352 880 3416 remanendum
908 3355 1032 3434 scripsit
1057 3354 1200 3416 Bathins:
1231 3389 1269 3399 —

111 3454 204 3535 <idaeo
226 3474 273 3517 ιω
296 3453 372 3518 drbe
393 3459 537 3518 amdaeas
558 3457 620 3518 atsi
639 3457 669 3517 si
690 3455 764 3537 quid
786 3458 859 3533 tud;
888 3456 1075 3538 Geppertus:
1102 3493 1146 3503 -
1167 3456 1270 3537 dliqao

112 3573 150 3616 oc
176 3555 253 3620 oirbe
283 3561 426 3621 ameroeas
455 3561 517 3621 atsi
541 3560 571 3620 si
597 3561 650 3640 qut
679 3561 751 3632 tod,·
783 3559 983 3622 Ritscbelius:
1023 3594 1066 3606 -
1100 3557 1201 3639 aliquo
1228 3575 1271 3618 ecc

111 3655 201 3722 tirbed
220 3662 367 3723 dmoaeds
387 3661 450 3723 m'si
471 3660 544 3744 qaid
565 3663 618 3724 tuot
647 3661 699 3723 uel
730 3695 768 3706 -
800 3663 922 3744 dliqood
951 3664 993 3723 eoo
1022 3660 1098 3722 urbe
1127 3661 1270 3721 dmooteas

18 3823 19 3826 ,
111 3762 166 3823 nisi
179 3765 254 3845 qaid
270 3766 335 3826 tad.
361 3763 463 3846 Atque
479 3783 668 3844 quamquam
683 3764 786 3826 hiatus
802 3766 835 3825 in
850 3763 1003 3826 dibaeresi
1023 3763 1150 3824 minime
1166 3761 1267 3825 offen-

111 3861 161 3944 dit,
185 3877 293 3929 tamen
315 3885 376 3926 non
400 3865 519 3946 dubito,
546 3868 621 3946 quin
644 3869 778 3946 genuina
802 3867 891 3928 lectio
914 3868 1017 3947 potius
1040 3867 1116 3927 haec
1137 3868 1190 3928 sit:

235 3964 305 4031 'Vbi
319 3971 377 4030 erit
391 3979 499 4051 empta,
525 3978 559 4031 at
573 3971 675 4050 db'quo
690 3989 733 4058 ecc
747 3970 822 4031 arbe
838 3964 938 4056 (eam)
954 3971 1108 4048 amouens,
1122 3971 1185 4030 risi
1197 3970 1272 4050 qaid

524 4080 642 4133 tua.-

196 4177 289 4256 Merc.
319 4174 380 4236 692
403 4191 459 4253 pro
481 4173 631 4238 librorum
654 4175 815 4238 memorio:
853 4177 1004 4238 Parumne
1025 4180 1069 4236 est
1090 4176 1190 4237 maiae
1211 4177 1267 4253 rei,
