3116 5020
245 341 248 348 ’
304 346 366 410 268
731 349 887 410 Enumovs
911 351 1037 410 Bruuru.

303 529 412 584 Ennius
441 519 556 601 (Vahlen
580 541 610 595 p.
641 529 689 592 45,
718 524 768 595 85)
796 523 965 594 Certabant,
1006 524 1104 582 urbem·
1133 527 1253 582 Romam
1281 525 1452 582 Remoramne

889 635 1037 683 uocarent.

304 734 344 788 Pl.
371 733 451 802 Capt.
482 733 541 787 456
571 727 615 804 (11,
644 733 672 798 3,
701 729 750 800 95)
810 730 942 786 Atettom
958 729 1098 798 dubitaui,
1119 716 1456 810 bos<oe)bomtoeseme-

887 849 949 888 rem
971 849 1008 888 au
1030 851 1088 890 mou
1112 848 1250 901 emerem,
1277 833 1334 888 diu.

305 940 371 994 Ter.
390 938 506 993 Phorm.
528 939 586 992 343
609 929 653 1011 (44,
675 940 703 1004 3,
733 933 782 1008 49)
813 934 864 990 Vbi
879 943 909 992 tu
924 935 1050 1004 dubites,
1069 937 1141 1007 quid
1156 951 1254 991 sumas
1266 938 1454 1010 potissumum.

391 1037 421 1116 2)
448 1034 674 1097 Coniunctiuds
697 1035 848 1094 toruum:

306 1145 345 1199 Pl.
373 1145 456 1199 Cure.
486 1145 544 1198 370
575 1142 619 1213 (11,
648 1145 676 1209 3,
706 1139 754 1213 94)
805 1143 913 1207 Dicam,
940 1143 1186 1212 quemadmodum
1209 1141 1382 1199 conscribas.

370 1246 474 1301 Pseud.
501 1247 562 1301 755
592 1242 636 1315 (ΙΙ,
665 1251 693 1312 4,
722 1244 771 1316 65)
811 1243 936 1300 Ceterum
959 1258 1018 1315 quo
1042 1246 1161 1318 quicque
1183 1251 1268 1315 pacto
1292 1245 1380 1308 faciat,
1409 1248 1460 1317 ipsi

890 1347 1000 1404 dixero.

306 1454 391 1523 Corp.
417 1454 505 1506 inser.
532 1451 579 1505 iat.
607 1451 618 1504 1
643 1465 706 1519 pag.
733 1452 771 1502 73
798 1449 961 1505 Sententiae
984 1448 1018 1518 Q.
1045 1451 1081 1505 Μ.
1108 1451 1300 1506 Minuciorum
1323 1454 1356 1505 3:

461 1562 487 1610 et
509 1569 566 1623 qua
590 1554 647 1625 Iope
669 1567 767 1623 aprum
791 1553 972 1622 possiderent
1000 1561 1025 1608 et
1047 1568 1104 1623 qua
1131 1553 1210 1624 firmis
1233 1551 1343 1620 fierent,
1370 1551 1462 1606 disse-

1286 1661 1362 1710 runt.

304 1763 345 1816 Pl.
371 1761 454 1816 Most.
484 1762 540 1814 443
571 1751 602 1834 (Ι,
631 1763 660 1825 2,
688 1752 738 1833 37)
809 1775 883 1814 nuno
914 1758 996 1812 etiam
1025 1760 1092 1815 uoto
1123 1756 1241 1825 Dicere,
1280 1763 1312 1812 ut
1345 1757 1464 1812 homiues

889 1863 1002 1918 aedium
1025 1877 1084 1916 4444
1106 1861 1207 1917 similia
1230 1857 1418 1914 arbitremiui.

305 1965 371 2019 Ter.
391 1963 506 2020 Phorm.
530 1966 587 2021 592
611 1961 681 2034 (1111,
704 1966 732 2030 2,
754 1963 781 2029 2)
808 1963 893 2019 uenio
916 1963 955 2018 od
975 1963 1130 2031 homimem,
1159 1970 1192 2018 ut
1213 1953 1340 2017 dicerem
1361 1961 1467 2033 Arpeto-

890 2075 949 2121 tum
978 2083 1050 2139 opus
1079 2081 1154 2131 4444,
1187 2072 1213 2120 44
1242 2065 1273 2120 id
1300 2079 1357 2134 quo
1386 2073 1466 2133 pacto

890 2167 983 2224 ficret.

310 2252 350 2328 'm
377 2273 455 2326 Trin.
485 2273 543 2326 854
572 2271 641 2338 (4444,
670 2275 699 2338 2,
730 2269 776 2342 44)
815 2271 912 2327 docuit
935 2278 963 2326 et
989 2271 1232 2342 praemonstrauit
1255 2271 1354 2342 prius,
1388 2247 1469 2338 Quo·

889 2375 975 2430 modo
999 2374 1121 2448 quidque
1142 2389 1269 2444 agerem.

371 2479 450 2533 Pers,
480 2479 537 2532 448
568 2477 599 2546 (Ι,
628 2480 656 2544 3,
686 2475 734 2546 68)
809 2479 1008 2533 Prasmonstra
1031 2477 1118 2542 docte,
1138 2478 1274 2546 praecipe
1297 2484 1360 2532 ortu
1380 2477 1467 2549 filiae,

812 2579 886 2647 Quid
902 2579 1058 2644 fabuletur,
1084 2577 1136 2635 ubi
1150 2595 1180 2634 44
1195 2585 1291 2634 uotam
1309 2579 1467 2649 praedicet.

372 2683 476 2738 Pseud.
504 2685 564 2738 764
594 2679 638 2751 (ΙΙ,
667 2684 695 2749 4,
723 2681 773 2753 74)
808 2683 889 2738 Nudo
911 2682 957 2738 ibo
981 2683 1019 2737 od
1038 2682 1133 2754 forum
1155 2691 1239 2754 atque
1262 2681 1382 2762 onerabo
1400 2685 1471 2736 meir

891 2786 1053 2855 praeceptis
1070 2783 1203 2853 Simiam,
1222 2783 1297 2852 Quid
1313 2791 1390 2855 agat:
1415 2794 1468 2840 444.

255 2898 258 2905 ’
374 2888 458 2958 Epid.
485 2888 519 2954 11,
547 2891 576 2955 3,
607 2891 641 2942 43
672 2881 754 2964 (399)
814 2888 855 2942 Eo
885 2888 1063 2956 conducetur,
1096 2893 1181 2959 atque
1209 2889 1235 2942 44
1255 2894 1472 2956 praemonstra-

374 2987 377 2990 ’
892 2989 982 3058 bitur,

811 3092 874 3160 Quo
886 3097 971 3162 pacto
983 3091 1031 3148 fiat
1042 3092 1160 3149 subdolo
1173 3094 1326 3149 aduorsum
1336 3086 1355 3168 ¹)
1367 3109 1471 3148 4444444.

373 3195 461 3251 Poen.
487 3196 509 3262 Ι,
540 3199 566 3262 4,
596 3198 633 3251 66
663 3189 745 3271 (493)
812 3193 950 3251 Abeamus
973 3196 1057 3270 intro,
1089 3195 1332 3266 utcollpbt'soum
1354 3197 1473 3251 uilicum

812 3299 891 3353 Hono
914 3297 1124 3367 perdoceamus
1154 3303 1186 3353 ut
1215 3298 1288 3353 ferat
1309 3298 1468 3371 sedeciam.

372 3400 450 3454 Trin.
480 3403 538 3455 639
569 3396 626 3475 (ΙΙΙ,
655 3407 683 3467 9,
714 3393 761 3476 43)
811 3401 875 3457 Soio
899 3417 948 3472 epo
973 3406 1002 3456 et
1024 3402 1115 3456 sentio
1139 3403 1209 3473 ipre,
1236 3401 1307 3470 quid
1328 3417 1421 3470 agam.

371 3501 436 3558 Aul.
463 3503 484 3570 1,
511 3508 539 3570 9,
560 3507 604 3558 ’48
635 3498 717 3580 (496)
811 3500 902 3559 Nimis
932 3504 1023 3560 444444
1049 3503 1157 3559 inuitus
1186 3502 1275 3559 obeo:
1309 3503 1367 3576 sod,
1402 3505 1470 3574 quid

893 3622 985 3676 agam,
1011 3607 1082 3661 scio.

371 3707 436 3763 Aul.
463 3709 510 3776 111,
540 3713 567 3777 4,
595 3712 611 3763 7
642 3702 723 3785 (444)
808 3710 877 3776 scio,
904 3725 991 3779 quam
1013 3725 1072 3764 rem
1093 3723 1201 3777 geram.

307 3811 373 3866 Ter.
394 3812 462 3866 Hec.
491 3814 545 3866 464
581 3806 624 3885 (11,
654 3817 681 3879 9,
712 3804 759 3887 49)
816 3812 916 3881 Neque
948 3811 1017 3866 odeo
1048 3810 1120 3864 clam
1147 3825 1190 3864 me
1213 3817 1271 3882 est,
1304 3825 1392 3880 quam
1416 3827 1471 3866 esse

887 3931 948 3969 eum
970 3916 1095 3985 prouder
1118 3914 1241 3968 loturum
1264 3913 1392 3968 credam.

306 4009 513 4020 n———a

377 4131 399 4189 4)
422 4131 565 4181 educerum
585 4131 700 4196 Geppert
722 4129 798 4191 (coni.
820 4132 914 4181 Pseud.
937 4134 1006 4194 453),
1027 4132 1155 4181 aduersus
1172 4130 1200 4179 B.
