3176 5028
509 445 713 514 Qvaasrrouus
737 459 889 502 unrmcsu.
1240 439 1280 500 37

100 617 175 674 uisi
196 635 214 675 a
237 615 415 694 posterioris
440 632 549 674 uersus
572 613 656 672 initio
689 613 721 672 in
749 613 858 691 prioris
888 613 981 672 linem
1004 613 1114 672 asciuit
1136 612 1280 672 Ritsohe-

101 716 192 793 lius;
221 719 361 778 insonum
381 716 511 777 inseruit
525 715 721 794 Ritseholius‚
742 735 801 775 om.
822 715 903 775 libri.
937 715 1038 793 Atque
1055 716 1187 794 priorem
1203 733 1281 775 uer-

102 838 186 878 sum
211 839 313 898 nuper
340 819 437 899 (Jahn.
463 819 565 880 annal.
594 820 675 877 1868
699 837 729 896 p.
750 817 823 900 343)
850 819 917 897 ipse
940 817 1124 879 Ritsohelius
1147 818 1230 879 huno
1248 819 1280 877 in

104 921 245 984 modum
269 921 464 983 emendauit:
493 925 539 982 Me
557 921 617 982 sibi
637 921 752 1000 habeto,
779 927 891 1001 epomel
913 923 940 980 ei
955 938 1001 981 me
1016 921 1175 1000 mancupid
1188 920 1277 981 dodo.

102 1023 258 1086 Alterum
281 1025 489 1086 constituebat
512 1023 781 1103 Vmpienhaohius,
808 1023 847 1082 ol.
867 1024 999 1083 Lorentii
1022 1020 1198 1102 editionem,
1225 1022 1280 1084 ubi

103 1139 223 1188 tamen
246 1129 387 1189 insonum
410 1126 481 1188 beno
503 1145 564 1188 non
588 1129 693 1188 insane
716 1126 786 1188 boue
809 1125 1008 1186 scribendum
1030 1134 1105 1185 erat.
1131 1161 1174 1169 -

202 1231 264 1291 Mil.
290 1231 330 1310 gl.
360 1231 419 1289 405
444 1231 653 1291 Camerarium
676 1239 802 1290 secutus
824 1229 1010 1289 Ritsohelius
1033 1229 1075 1288 ita
1098 1230 1235 1308 soripsit:

250 1335 391 1394 liuiuuot
412 1351 476 1394 sese
499 1333 649 1394 odiliam
673 1334 804 1392 amioum
827 1333 887 1392 eri
909 1333 989 1392 mel.

103 1444 147 1496 (ιι
171 1437 258 1497 illam
274 1437 359 1510 BaC;
386 1435 489 1496 acillo
502 1437 563 1511 Da3
591 1435 657 1495 lieri
677 1437 737 1496 mei
759 1433 963 1510 Camerarius;
994 1434 1052 1494 ¹eri
1065 1452 1134 1494 oum
1152 1453 1211 1494 ras.
1240 1437 1277 1512 B;

101 1530 168 1600 e'ri
200 1540 243 1614 D;
277 1540 356 1599 meri
377 1539 410 1598 C.
459 1539 589 1598 Versum
620 1539 651 1599 in
681 1539 741 1598 fine
772 1555 915 1598 maneum
944 1556 1012 1597 esse
1042 1546 1187 1624 apparet,
1227 1537 1281 1598 sed

104 1643 331 1702 Camerarium
355 1649 446 1720 reolo,
472 1659 552 1719 quae
567 1641 680 1719 desint,
706 1641 872 1702 coniecisse
888 1659 942 1719 ego
957 1641 1150 1719 negauerim:
1180 1658 1282 1719 neque

103 1746 202 1806 enim
226 1745 324 1804 rimisa
348 1745 395 1804 eri
417 1743 476 1804 mei
497 1743 552 1804 sed
576 1746 675 1804 amico
699 1745 784 1805 erilis
807 1752 856 1804 est
877 1744 989 1803 usilata
1011 1742 1148 1802 Plautina
1176 1741 1277 1820 dictio,

103 1847 321 1927 quamobrem
345 1848 393 1906 eri
413 1855 444 1906 et
467 1847 552 1906 illum
569 1848 601 1906 in
616 1849 720 1909 erilem
740 1843 951 1926 coniungenda
967 1864 1035 1905 esso
1051 1843 1207 1906 uidentur.
1237 1847 1281 1905 Ile

102 1952 158 2012 eis
196 1959 319 2026 autem,
353 1969 432 2028 quae
455 1950 618 2028 perierint,
652 1951 732 2010 alius
760 1950 852 2010 aliam
881 1950 1087 2010 coniecturam
1109 1959 1274 2030 proponat:

104 2062 219 2132 potest
242 2052 312 2113 olim
336 2052 433 2112 fuisse
456 2071 483 2112 e.
510 2071 550 2131 g.:

248 2158 388 2216 lusiuuot
410 2173 472 2215 sese
495 2155 538 2215 od
560 2157 690 2216 amicam
713 2153 825 2232 erilem,
853 2149 940 2238 (dum
964 2154 1014 2214 ille
1038 2149 1189 2240 obesl)(‘l).
1211 2189 1252 2198 -

206 2258 266 2318 llil.
292 2259 333 2337 gl.
361 2256 423 2320 227
446 2277 516 2318 oum
541 2260 716 2320 Camerario
738 2255 838 2318 edidit
860 2258 1060 2318 Ritsohelius:

251 2365 336 2437 Quae
360 2361 499 2423 hiesum
522 2363 608 2435 uisa,
642 2371 676 2423 ut
703 2365 773 2422 uiso
801 2380 838 2420 ue
868 2364 945 2439 siut,
972 2362 1056 2441 fricta
1085 2361 1195 2440 iuse'cla
1224 2363 1281 2422 uti

536 2465 649 2525 sidul.

106 2567 172 2629 sod
198 2586 269 2627 oum
294 2569 367 2628 BCD
390 2566 561 2647 praebeant
581 2567 667 2646 [octa
691 2566 805 2646 insecta
827 2587 863 2628 ue
885 2569 950 2644 siet,
975 2587 1034 2627 non
1059 2567 1178 2644 dubito,
1205 2567 1282 2645 quin

109 2681 202 2732 recte
224 2672 387 2730 oonieoeril
409 2671 591 2750 Spengelius
619 2669 703 2750 (diss.
731 2669 761 2729 d.
788 2690 819 2731 u.
846 2680 919 2731 orat.
947 2671 989 2730 th.
1017 2671 1084 2750 V¹l³

251 2775 336 2848 (luae
348 2774 395 2834 iric
409 2781 477 2834 suut
488 2775 569 2850 uiso,
585 2781 618 2834 ul
628 2775 698 2834 uiso
710 2792 746 2834 ue
758 2776 827 2851 siut,
842 2775 926 2855 sdclu
939 2783 972 2836 ut
986 2774 1073 2851 forto
1090 2776 1127 2834 ui
1137 2774 1221 2834 sient.
1237 2809 1280 2817 -

205 2877 265 2936 Mil.
292 2877 330 2957 gl.
359 2878 437 2938 323:
706 2876 841 2954 Virbero,
869 2877 971 2957 edepol
993 2876 1024 2937 lsi
1047 2876 1166 2956 quidem

250 2981 382 3056 Cuicu's,
408 3000 468 3040 uou
493 2980 680 3040 luscitiosus:
705 2998 776 3039 uum
799 2981 935 3041 iccillum
958 2979 1110 3061 quide'm
1134 2978 1242 3039 domi.

106 3083 256 3144 eccillam
279 3083 398 3162 quidem
421 3081 621 3142 Ritsohelius:
658 3082 740 3141 illam
770 3081 886 3163 quidem
916 3083 969 3142 illo
993 3082 1080 3157 BCD;
1115 3074 1197 3142 illarii
1223 3083 1277 3157 Bo;

107 3204 184 3246 eom
216 3184 333 3262 quidem
364 3185 500 3245 eccillam
533 3184 675 3259 Bothius;
708 3203 779 3244 uum
808 3184 889 3244 illum
920 3185 1037 3263 quidem
1068 3184 1132 3244 uidi
1159 3185 1213 3244 ΡΖ.
1241 3219 1281 3228 -

108 3287 165 3348 Ad
190 3286 418 3348 emendandum
446 3305 574 3347 uersum
604 3285 682 3347 illud
709 3296 842 3366 constat,
874 3288 988 3365 requiri
1013 3287 1096 3366 quod
1120 3287 1160 3348 sit
1181 3307 1281 3367 oppo-

113 3391 215 3450 situm
239 3389 343 3449 uerbis
367 3398 398 3449 tu
421 3390 554 3469 quidem,
582 3391 638 3450 hoo
660 3399 708 3449 est
729 3409 791 3471 epo,
822 3399 858 3449 ut
879 3388 1098 3451 demonstrarit
1118 3391 1282 3452 Palaestrio

112 3511 182 3554 non
205 3511 238 3551 se
260 3511 330 3552 esse
352 3493 555 3570 luscitiosum,
582 3489 636 3552 sed
653 3493 756 3572 potius
774 3492 963 3572 Soeledrum‚
988 3503 1082 3572 atque
1098 3511 1158 3574 pon
1181 3494 1281 3553 solum

113 3594 321 3671 luscitiosum,
335 3613 444 3655 nomm
459 3596 551 3656 otiam
564 3613 698 3656 caecum.
726 3597 832 3675 ltaque
843 3596 919 3657 haeo
933 3597 1005 3656 olim
1021 3596 1117 3656 luisse
1129 3605 1275 3675 possunt:

251 3698 386 3769 Gae'cu’s,
412 3717 472 3758 uou
494 3698 683 3758 lusciliosus:
707 3702 779 3759 riom
802 3719 855 3780 epo
880 3700 960 3759 illam
985 3699 1050 3759 uidi
1074 3699 1162 3759 domi.

114 3801 150 3861 Si
176 3799 276 3860 mauis
293 3800 411 3879 ingredi
434 3819 502 3860 eam
524 3801 731 3862 constituendi
754 3803 849 3881 uiam,
875 3820 969 3883 quam
991 3802 1061 3862 iniit
1081 3800 1277 3880 Ritsohelius,

112 3901 289 3983 praestabit
312 3903 445 3963 seribere

251 4005 385 4084 Coe'cu's,
410 4026 469 4067 uon
492 4009 679 4068 luscitiosus:
704 4027 774 4069 nom
799 4011 879 4070 intus
901 4009 1037 4069 eccillum
1061 4006 1151 4066 domi.
1178 4043 1220 4050 -

204 4111 296 4168 Truo.
323 4109 357 4187 V,
385 4111 423 4169 60
449 4110 754 4174 scribebaturolim:

246 4211 323 4272 Him
346 4211 401 4274 tibi
422 4213 566 4278 talentum
589 4216 725 4298 arpenti:
750 4215 950 4294 Philippicum
974 4217 1017 4276 e'st
1038 4216 1123 4276 tout
1144 4215 1225 4275 tibi.
