3176 5028
295 1078 559 1165 lacescivit
584 1077 808 1166 ‘svmcllss
834 1082 1124 1168 srvbcnvlb.
1187 1183 1190 1187 ,

629 1329 783 1336 ——---——

214 1468 319 1585 Quam
342 1501 442 1566 multa
464 1502 543 1568 etin
559 1522 593 1568 rc
616 1502 746 1568 metrica
760 1509 792 1568 ct
806 1502 838 1566 in
854 1504 1061 1586 grammatica
1082 1503 1287 1590 inprimisque

120 1605 157 1670 in
183 1603 310 1687 syntaxi
332 1603 506 1690 priscorum
533 1607 720 1691 scriptorum
749 1608 935 1682 latinorum,
965 1605 1018 1688 qui
1048 1611 1121 1670 ante
1149 1604 1288 1672 medium

121 1707 289 1776 saeculum
318 1728 349 1771 u.
377 1729 404 1773 c.
439 1709 607 1794 septimum
640 1711 804 1786 uixerunt,
843 1707 982 1775 nondum
1018 1709 1181 1794 explorata
1210 1706 1285 1783 sint,

122 1809 323 1894 quicumque.
337 1810 380 1876 ad
402 1817 501 1876 artem
517 1812 656 1881 criticam
679 1813 712 1878 in
727 1813 832 1880 Plauti
854 1819 886 1877 et
899 1811 1040 1889 Terentii
1063 1810 1179 1879 fabulis
1194 1810 1287 1877 facti-

122 1911 258 1978 tandam
279 1913 445 2002 accedunt,
469 1915 584 1982 cotidie
606 1915 755 1985 sentiunt.
795 1913 856 1994 Qui
878 1935 1068 1998 quamquam
1091 1934 1154 1981 non
1176 1919 1211 1977 ut
1235 1933 1289 1978 ar-

124 2014 253 2082 chitecti
277 2017 442 2086 uerborum
466 2017 644 2096 scribebant
665 2037 767 2102 neque
790 2017 912 2084 firmum
936 2036 1060 2102 semper
1076 2037 1168 2085 usum
1183 2022 1215 2085 et
1229 2015 1289 2082 sibi

124 2123 324 2186 constantem
357 2141 459 2204 aeque
490 2141 528 2188 ac
561 2114 854 2198 matbematicorum
881 2119 1034 2188 rationem
1064 2120 1286 2197 obseruabant‚

125 2227 236 2287 tamen
256 2229 291 2289 ut
311 2224 439 2302 suauis,
464 2230 512 2304 et,
538 2225 591 2306 ubi
614 2243 693 2309 opus
716 2244 787 2290 esse
810 2223 994 2302 uidebatur,
1020 2229 1054 2288 ut
1074 2222 1182 2308 grauis
1205 2229 1290 2288 esset

125 2324 240 2402 oratio,
264 2326 469 2397 elaborabant
484 2328 706 2411 malebantque
720 2325 893 2393 desiderari
914 2328 955 2394 ab
970 2325 1171 2394 audientibus
1186 2331 1289 2390 tumo-

124 2447 195 2497 rem
224 2434 255 2494 et
284 2429 424 2495 studiose
451 2431 628 2517 quaesitam
657 2431 900 2506 concinnitatem
934 2451 1029 2512 quam
1067 2428 1289 2514 proprietatem

103 2531 280 2597 orationis
306 2538 338 2599 et
359 2532 603 2621 simplieitatem.
644 2536 728 2600 Nam
756 2554 828 2600 cum
854 2533 993 2618 ipsorum
1023 2533 1056 2596 in
1086 2537 1189 2598 mente
1210 2531 1289 2598 insi-

126 2633 218 2712 deret
240 2635 361 2718 species
375 2636 610 2719 aequabilitatis
632 2637 767 2725 simplex
781 2635 949 2719 quaedam,
973 2635 1007 2700 in
1029 2655 1123 2718 quarn
1145 2633 1290 2718 plurimis

126 2735 213 2802 hanc
241 2739 469 2822 sequebantur,
504 2741 682 2824 multasque
710 2741 756 2805 eis
792 2740 879 2823 leges
909 2757 1059 2824 praesens
1087 2738 1143 2808 ille
1177 2756 1290 2814 sensus

127 2839 382 2922 commendabat,
406 2862 499 2928 quern
521 2843 712 2928 experiendo
734 2848 926 2918 exacuerant
944 2847 976 2907 et
998 2840 1173 2910 exercendo
1195 2859 1289 2906 exeo

127 2943 263 3010 lucrant.
304 2944 369 3013 Sed
391 2965 461 3013 oum
484 2946 657 3029 priscorum
672 2946 858 3030 scriptorum
881 2945 953 3013 libri
976 2950 1007 3009 et
1024 2943 1168 3017 mendosi
1183 2942 1290 3008 multis

127 3046 210 3112 locis
232 3053 263 3112 et
283 3047 419 3129 subinde
439 3048 619 3134 interpolati
648 3049 816 3134 propagati
845 3053 970 3128 essent,
1001 3046 1131 3115 arbitria
1161 3046 1207 3112 eis
1233 3066 1290 3130 pro

128 3148 254 3232 legibus
284 3149 384 3225 fuisse
410 3172 468 3236 per
497 3153 596 3226 multa
626 3153 753 3224 saccula
780 3152 991 3236 opinabantur
1018 3149 1231 3234 mammutius
1261 3155 1293 3214 et

129 3271 203 3318 cum
225 3251 299 3331 inde
321 3274 342 3318 a
363 3255 532 3325 Petraroae
552 3262 658 3330 aetate
679 3255 825 3341 permulti
848 3255 907 3320 uiri
933 3253 1016 3320 docti
1039 3251 1233 3321 domicilium
1255 3272 1293 3316 ac

129 3352 239 3420 sedem
268 3356 301 3423 in
331 3357 528 3442 antiquitatis
558 3357 671 3429 studiis
699 3356 771 3424 ideo
801 3356 999 3440 potissimum
1022 3356 1226 3434 collocarent,
1259 3360 1294 3422 ut

127 3457 250 3542 pressis
278 3459 439 3532 Ciceronis
467 3468 499 3528 et
520 3462 663 3543 Augusto
684 3460 864 3544 aequalium
886 3465 1048 3546 poetarum
1079 3455 1222 3540 uestigiis
1251 3454 1292 3520 ad

129 3561 307 3638 rhetoricae
335 3563 414 3636 artis
442 3563 690 3648 intellegentiam
720 3563 931 3646 orationisque
959 3561 1151 3645 elegantiam
1180 3577 1293 3644 perue-

129 3665 254 3745 nirent,
284 3665 457 3750 primordia
485 3666 614 3750 baguae
644 3666 763 3739 latinae
785 3671 840 3732 aut
861 3682 989 3750 prorsus
1011 3663 1219 3747 neglexerunt
1239 3667 1295 3726 aut
1367 3713 1370 3719 .

129 3788 204 3835 curn
233 3771 334 3846 multa
362 3769 476 3846 uitiosa
503 3769 620 3846 tradita
648 3769 812 3853 ingeniose
844 3768 1035 3852 effingerent
1065 3772 1130 3832 tum
1159 3765 1192 3833 in
1222 3763 1294 3832 aliis

129 3871 226 3953 uitia,
263 3892 345 3957 quae
372 3878 558 3956 perpetuum
588 3871 639 3950 uei
669 3871 911 3956 frequentiorem
942 3869 1174 3936 »classicorum«
1203 3887 1295 3934 usum

130 3975 232 4052 secuti
255 3974 503 4059 deprehendisse
525 3973 730 4052 uidebantur,
762 3994 889 4043 suorum
917 3972 1117 4041 inuentorum
1139 3970 1296 4054 prauitate

130 4078 343 4156 cumularunt.
380 4078 491 4160 ltaque
514 4077 711 4154 factumest,
737 4083 772 4142 ut
794 4097 864 4152 cunr
887 4076 1014 4159 linguae
1036 4074 1154 4140 latinae
1175 4078 1296 4140 aetaas

131 4180 269 4261 maxime
292 4179 490 4270 separandae
504 4180 791 4256 commiscerentur,
817 4179 1004 4264 optimorum
1022 4176 1210 4262 scriptorum
1225 4175 1296 4240 lau-
