3126 5028
489 434 692 504 ernsrronns
715 450 867 493 nermcrn.
1219 436 1258 495 75

98 609 225 667 retinent
246 607 284 686 {lo
307 605 416 680 miser3
442 611 562 682 poterat
583 622 658 664 sane
688 605 826 664 numeris
854 606 895 665 ita
923 605 1100 684 consulere,
1124 615 1159 666 ut
1180 607 1259 667 reti-

98 712 179 770 neris.
221 703 326 787 ddlle'o
348 707 441 767 mise'r
463 705 626 781 scriberet3
653 706 707 767 sed
731 709 799 768 sine
816 706 912 768 dubio
927 707 1012 767 locus
1027 706 1165 769 nondum
1181 728 1260 788 per-

98 821 225 872 sanatus
247 819 306 871 est.

185 913 280 974 Stich.
301 911 513 989 studentque
536 912 706 971 mnieotura
730 911 781 970 illa
799 913 912 990 Buggii,
938 913 1057 973 etiamsi
1081 931 1098 972 a
1121 915 1260 973 numeris

99 1016 280 1094 recesseris,
312 1025 438 1094 propter
467 1015 567 1093 ipsam
598 1015 781 1074 sententiam
813 1014 898 1074 nullo
928 1014 1018 1075 modo
1046 1016 1117 1076 lerri
1145 1025 1255 1095 potest.

97 1121 178 1179 Inter
208 1136 316 1178 omnes
345 1124 486 1176 constare
516 1117 658 1178 existimo
685 1135 812 1177 uersum
842 1117 947 1196 illum,
981 1116 1081 1196 qualis
1111 1119 1142 1177 in
1173 1119 1260 1180 libris

98 1220 230 1282 traditus
246 1221 301 1281 sit:
329 1221 415 1300 Nequ
436 1217 560 1299 (Ncqcto
575 1221 605 1296 B)
627 1221 688 1281 esse
704 1220 781 1301 qnod
795 1219 861 1280 dem
876 1223 930 1281 nec
946 1221 1021 1281 milri
1041 1241 1095 1282 nec
1110 1220 1256 1298 mdtuum,

98 1325 226 1384 minime
250 1323 375 1382 retineri
398 1339 502 1401 posse:
534 1339 605 1382 nam
628 1322 655 1381 si
678 1341 714 1382 ea
735 1323 829 1383 lateat
851 1326 1012 1402 sententia,
1039 1342 1132 1402 quam
1155 1325 1260 1403 Spen-

97 1428 194 1506 gclius
223 1426 267 1507 (T.
287 1428 325 1486 ll.
344 1426 388 1485 Pl.
406 1445 438 1505 p.
457 1424 508 1503 58]
536 1424 631 1484 latere
646 1424 744 1486 uoluit
767 1426 860 1503 ,Nihil
884 1445 953 1486 esse
969 1427 1131 1504 Gelasimo,
1158 1445 1260 1505 neque

96 1529 179 1608 quod
201 1529 251 1590 sui
275 1528 374 1606 ipsius
397 1528 447 1605 sit,
474 1546 576 1606 neque
592 1526 676 1606 quod
697 1527 738 1588 ab
761 1529 820 1588 alio
843 1539 950 1590 mutuo
970 1531 1162 1609 sumpserit‘,
1189 1549 1259 1590 cum

96 1630 244 1691 uersibus
259 1628 518 1709 praecedentibus
533 1629 683 1690 eiusmodi
700 1632 852 1692 sententia
876 1631 928 1691 uix
952 1642 1111 1710 congruat.
1148 1633 1261 1693 Oratur

96 1734 176 1793 enim
206 1733 363 1812 parasitus
393 1733 587 1811 aCrccotic,
620 1742 656 1792 nt
676 1733 872 1794 Philumenae
901 1732 1007 1795 decem
1030 1736 1148 1796 modios
1170 1736 1260 1796 tritici

97 1845 205 1897 mutuo
236 1834 307 1912 det;
339 1834 380 1895 ad
410 1835 485 1896 haec
513 1834 680 1915 respondet
701 1836 874 1897 Gelasimus
902 1835 1082 1919 (secundum
1110 1837 1259 1898 librorum

97 1940 307 2017 memoriam):
1111 1943 1113 1949 '

138 2042 201 2104 256
227 2044 313 2122 Neqc
340 2039 462 2121 (Nepote
485 2039 517 2121 Β)
546 2043 619 2119 e'cre,
645 2042 724 2123 quod
747 2041 823 2118 dem,
849 2045 903 2104 ne'c
925 2043 1001 2104 milri
1020 2062 1075 2105 nec
1096 2041 1231 2104 mutuum

226 2145 330 2223 Neque
351 2143 439 2203 eliud
461 2143 634 2224 quidquam,
661 2145 721 2205 nisi
743 2145 796 2205 hoc
819 2145 899 2225 quod
921 2145 1013 2207 habeo
1032 2145 1171 2226 pellium.

97 2247 207 2306 Prioris
223 2264 336 2307 uersus
352 2245 538 2306 emendandi
561 2248 645 2307 uiam
661 2247 756 2306 altero
771 2265 869 2307 uersu
883 2246 1089 2309 demonstrari
1105 2249 1256 2309 existimo.

96 2351 170 2409 Nam
202 2350 230 2408 si
260 2368 294 2409 u.
325 2349 387 2412 257
417 2351 524 2429 incipit
558 2369 574 2410 a
604 2348 709 2410 uerbis
736 2350 838 2430 Neque
868 2350 979 2410 olt'ud
1007 2351 1187 2432 quidquam,
1228 2353 1259 2410 in

97 2471 128 2512 u.
147 2452 211 2513 256
237 2452 341 2531 aliqua
365 2471 416 2513 res
439 2463 673 2514 commemorata
697 2452 738 2513 sit
759 2470 887 2512 necesse
910 2461 966 2529 est,
993 2471 1086 2531 quam
1110 2462 1140 2513 et
1162 2454 1260 2532 ipsam

96 2555 271 2616 Gelasimus
294 2555 355 2616 sibi
377 2574 438 2616 non
461 2575 532 2616 esse
554 2556 651 2632 dicat;
683 2554 834 2616 eiusmodi
850 2564 954 2616 autom
977 2574 1026 2616 res
1049 2574 1117 2616 cum
1141 2575 1260 2617 secun-

97 2657 169 2719 dum
195 2657 347 2718 librorum
370 2659 547 2718 memoriam
565 2677 626 2718 non
642 2668 907 2736 commemoretur,
932 2657 1093 2720 lectionem
1115 2658 1258 2719 traditam

96 2779 155 2820 non
178 2761 348 2840 genuinam
372 2780 440 2822 esse
463 2771 602 2842 apparet.
642 2762 705 2821 llac
734 2759 773 2822 de
802 2778 895 2821 causa
918 2778 1020 2841 neque
1050 2759 1144 2839 illud,
1176 2760 1261 2839 quod

97 2864 228 2924 coniecit
243 2863 460 2925 Fleckeisenns
476 2866 588 2945 Neqolto
603 2864 679 2924 miln'
694 2883 756 2926 esse
771 2867 824 2925 ne'c
842 2863 920 2945 quod
933 2864 998 2924 dem
1014 2858 1097 2949 (esti)
1112 2862 1256 2961 mutuom,

96 2985 196 3045 neque
220 2965 306 3044 quod
328 2967 461 3046 Buggius
484 2967 612 3027 coniecit
633 2969 746 3047 Netho
769 2965 843 3028 milti
863 2984 924 3028 esse
951 2968 1004 3027 nee
1027 2967 1107 3046 quod
1128 2969 1261 3027 mutuom

97 3071 178 3130 duim
193 3090 211 3131 a
228 3070 333 3129 Plauto
348 3069 497 3149 scriptum
518 3087 586 3129 esse
609 3069 765 3148 suspicor;
784 3087 888 3148 quem,
908 3071 934 3129 si
950 3088 1044 3149 meque
1060 3069 1158 3151 quod
1179 3079 1261 3130 recto

97 3174 274 3238 restitutum
297 3190 366 3232 esse
389 3172 566 3251 conieceris,
592 3174 695 3252 potius
718 3174 830 3253 Netho
852 3172 928 3232 milri
948 3191 1010 3233 esce
1032 3175 1086 3234 ne'c
1109 3173 1188 3252 quod
1209 3192 1261 3232 me

97 3284 180 3337 orot
202 3273 415 3336 mdtuum'uel
438 3275 577 3336 similiter
599 3276 760 3353 scripsisse
787 3275 859 3335 mihi
889 3295 1074 3356 persuasum
1098 3285 1155 3336 est.
1197 3277 1261 3336 lta-

97 3395 156 3455 que
179 3396 289 3437 ueram
312 3376 394 3438 illius
410 3395 521 3438 uersus
537 3377 721 3438 sententiam
741 3379 840 3438 solum
858 3379 1056 3440 Bitscholium
1080 3378 1259 3439 adsecutum

97 3499 163 3540 esse
185 3480 278 3557 duco,
305 3481 358 3559 qui
382 3481 464 3561 Neqo
487 3483 548 3542 e'sse
571 3481 649 3561 quod
671 3481 736 3541 dem
759 3482 844 3559 milri,
870 3502 924 3542 nec
946 3482 1026 3562 quod
1048 3482 1108 3542 uolt
1127 3480 1261 3541 mdtuom

98 3581 202 3656 edidit3
218 3582 310 3644 cuius
326 3583 532 3644 coniecturam
548 3585 573 3645 si
590 3601 651 3643 non
667 3583 859 3662 comprobas,
881 3586 976 3645 multa
992 3583 1050 3644 alia
1068 3584 1098 3642 in
1115 3592 1261 3661 promptu

97 3697 177 3765 sunt,
204 3686 295 3748 uelut

225 3791 314 3870 Neqo
337 3791 378 3848 mi
399 3791 461 3850 e'sse
484 3789 563 3868 quod
585 3789 649 3850 dem
673 3789 821 3863 oculeum,
847 3807 943 3868 neque
965 3782 1131 3874 (triticum)

226 3895 329 3972 Neque
350 3891 437 3952 eliud
459 3891 633 3972 quidquam,
658 3894 720 3954 nisi
742 3892 795 3952 lroc
817 3889 895 3972 quod
917 3889 1008 3950 labeo
1028 3891 1166 3971 pellium.

99 3995 131 4055 G.
164 3997 195 4055 F.
224 3995 262 4054 G.
287 3994 452 4055 Muellerus
489 3994 622 4076 (Nachtr.
650 4013 704 4075 pp.
733 3996 791 4054 rra
809 3993 870 4075 sq.)
907 3993 1049 4054 coniecit:
1084 3995 1170 4074 Neqo
1200 3997 1261 4056 e'sce

99 4097 173 4175 quod
195 4098 263 4158 dem
286 4099 340 4159 ne'c
362 4093 542 4161 medimnum
563 4096 707 4159 mutuom.
732 4133 776 4142 -
