3116 5020
315 391 378 454 acl
741 389 894 452 Enrrrnrs
917 391 1042 452 Βιιιιι.

315 563 368 624 ubi
392 563 608 624 coniunctiuus
630 560 826 622 adhibendus
854 562 907 639 sit,
942 561 1030 622 nclas
1052 573 1114 640 est,
1142 581 1213 626 cum
1235 561 1311 622 haec
1333 562 1460 643 inprimis

313 666 471 728 enuntiata
494 664 651 743 scriptoris
680 663 808 724 arbitrio
837 673 930 743 atque
964 662 1085 724 libidini
1111 665 1301 741 inseruiant;
1337 674 1460 726 attamen

314 767 399 848 quod
421 766 585 828 discrimen
610 765 776 827 intercedat
798 767 877 826 inter
898 767 1056 827 enuntiata
1081 767 1142 846 illa,
1168 785 1249 847 quae
1272 766 1460 829 indicatiuum

313 870 495 952 praebeant,
528 878 559 928 et
579 887 632 947 ea,
664 886 745 947 quae
767 870 1013 947 coniunctiuum,
1046 889 1086 930 ex
1114 870 1291 932 huiusmodi
1322 872 1459 951 exemplis

313 975 426 1053 optime
448 970 642 1049 intellegitur,
669 980 704 1031 ιιι
725 969 837 1050 Amph.
867 971 948 1032 1⁴29
976 971 1021 1050 (V,
1043 974 1071 1049 ι,
1093 971 1143 1052 iil
1170 974 1274 1034 Semel
1295 974 1371 1035 hooc
1392 991 1457 1049 rem,

313 1083 347 1137 ut
368 1074 498 1154 factost,
530 1073 668 1154 eloquor,
702 1081 734 1133 et
756 1074 841 1134 Trin.
868 1073 930 1136 236
958 1072 1003 1154 (ll,
1032 1075 1060 1152 l,
1089 1074 1138 1155 to)
1174 1076 1316 1136 Omnium
1340 1077 1461 1156 primum

313 1177 433 1239 Amoris
462 1177 554 1236 artois
585 1176 725 1256 eloquor,
759 1175 1008 1255 quemadmodum
1037 1193 1068 1236 se
1096 1177 1269 1256 empediont.
1312 1179 1345 1238 ln
1371 1179 1462 1258 priore

313 1281 396 1340 enim
419 1295 513 1340 uersu
537 1279 573 1356 is,
600 1277 653 1355 qui
677 1277 823 1366 loquitur,
857 1275 1027 1338 indicatiuo
1049 1278 1183 1340 ostendit
1208 1299 1242 1342 se
1266 1298 1330 1340 rem
1354 1280 1404 1360 ita,
1434 1290 1464 1341 ut

313 1383 362 1462 sit,
389 1382 617 1461 explicaturum
639 1397 718 1457 esse,
745 1399 847 1459 neque
870 1398 959 1441 suam
983 1381 1081 1460 ipsius
1097 1383 1272 1460 opinionem
1294 1381 1463 1444 admiscen-

313 1495 374 1546 tem
398 1503 499 1563 neque
522 1499 587 1543 rem
609 1501 679 1543 curn
702 1483 770 1543 aliis
792 1481 1026 1545 condicionibus
1050 1493 1151 1546 mente
1180 1494 1404 1562 conectentern3
1436 1486 1462 1544 in

312 1587 479 1667 posteriore
502 1604 576 1648 uero
599 1586 757 1648 enuntiato
779 1585 974 1647 coniunctiuo
1003 1587 1188 1665 exprimitur
1218 1607 1283 1648 rem
1307 1607 1369 1649 non
1391 1589 1464 1650 sim·
1547 1643 1548 1678 r

311 1691 430 1768 pliciter
451 1689 583 1767 narrari,
610 1687 666 1749 sed
689 1688 729 1774 ita
752 1689 881 1770 exponi,
908 1698 943 1750 ut
964 1707 1034 1750 eam
1056 1707 1126 1750 esse
1148 1690 1174 1752 is
1196 1693 1251 1768 qui
1273 1691 1410 1770 loquitur
1430 1711 1464 1752 ex
1547 1687 1548 1748 ζ

312 1811 369 1854 sua
391 1793 490 1871 ipsius
511 1791 663 1852 sententio
686 1790 746 1852 sibi
769 1793 973 1870 persuaserit:
1002 1793 1164 1870 profitetur
1185 1793 1288 1873 igitur,
1314 1793 1466 1872 quemad·
1547 1793 1548 1814 ³

311 1895 437 1957 modum
461 1895 574 1956 amoris
596 1903 677 1954 artes
699 1913 733 1955 se
755 1893 939 1972 expediant,
972 1895 1012 1956 ita
1040 1914 1075 1956 se
1097 1895 1290 1959 elocuturum
1320 1915 1407 1975 asso,
1437 1909 1467 1960 ιιι

311 1999 378 2076 ipse
404 1997 474 2058 illes
502 2015 572 2057 sese
600 1994 747 2075 expedire
775 2006 965 2074 compertum
993 1997 1122 2072 babeat,
1154 2017 1256 2077 noque
1285 2008 1378 2078 negat
1407 1999 1466 2064 fieri

310 2117 401 2179 posse
416 2105 451 2158 ut
465 2099 524 2160 alia
540 2117 664 2177 quoque
686 2099 802 2160 ratione
824 2098 895 2158 illae
916 2117 985 2160 sese
1006 2099 1184 2179 expediant.
1234 2104 1339 2180 ltaque
1361 2121 1466 2183 mum-

310 2201 471 2263 admodum
493 2200 636 2262 uocabuli
660 2201 743 2263 notio
764 2203 806 2262 ita
837 2201 1007 2279 cohibetur,
1041 2212 1075 2263 ut
1097 2203 1246 2282 significet
1273 2223 1335 2266 non
1365 2207 1467 2286 ιιιιῖςιια

311 2307 443 2391 rationo,
475 2301 530 2364 sed
558 2311 641 2365 certo
670 2304 722 2366 illo
751 2305 885 2378 ratione,
918 2304 957 2366 de
979 2323 1040 2384 qua
1063 2305 1090 2366 is
1112 2306 1166 2383 qui
1189 2306 1327 2385 loquitur
1348 2310 1465 2387 cogitet.

311 2410 403 2467 ilecte
437 2407 498 2466 iem
525 2405 627 2484 Reisig
662 2404 765 2485 (schol.
799 2407 850 2468 lat.
882 2405 900 2488 ξ
928 2408 1000 2484 329)
1040 2409 1202 2487 utriusque
1237 2411 1469 2472 constructionis

311 2520 454 2570 naturam
476 2507 678 2570 adumbrauit
699 2509 804 2571 uerbis
825 2509 892 2570 bis:
925 2511 1022 2574 anos
1045 2511 1119 2572 obet·
1140 2512 1205 2574 lu'er
1232 2513 1272 2592 (in
1296 2513 1469 2592 interroga-

311 2612 447 2674 tionibus
474 2611 618 2692 cbliqbis)
653 2612 698 2672 cis
723 2613 774 2672 ein
804 2611 985 2690 subjectivu-
1013 2613 1149 2694 pedanio
1176 2614 1350 2694 dorcestelit
1378 2616 1466 2690 wird,

310 2715 391 2776 lonc
414 2715 492 2776 cuci
514 2716 545 2776 io
568 2714 623 2775 der·
643 2714 724 2794 form
750 2714 806 2776 der
828 2713 1024 2791 objecticilcet
1044 2717 1327 2796 pogeben'ruerden,
1352 2737 1400 2778 wo
1423 2717 1470 2778 die

191 2805 193 2812 ’
310 2817 399 2878 scobe
420 2816 502 2878 nictit
523 2817 608 2877 melre·
630 2817 661 2876 in
683 2815 737 2878 der
753 2816 978 2898 abbaenyiylreit
992 2837 1050 2879 oon
1066 2819 1132 2880 ιιιιιι
1153 2817 1267 2882 molen
1288 2820 1374 2898 sunt,
1395 2839 1469 2882 son-

310 2921 386 2980 dcrm
406 2918 476 3000 fuer
498 2918 564 2978 siclt
585 2918 640 2980 der·
661 2920 915 3000 prornmctr‘sclren
941 2919 1021 2997 form
1050 2920 1128 2982 cccl
1158 2921 1328 3001 binpestellt
1357 2925 1396 2986 ist
1421 2925 1469 2984 uls

310 3031 406 3083 etwas
427 3021 594 3082 obiectives.
635 3023 710 3082 Hier
731 3024 771 3084 ist
793 3022 855 3084 oisc
877 3022 965 3086 selbst
986 3024 1033 3084 die
1046 3025 1279 3102 pronrmotisclrc
1300 3023 1383 3103 form
1404 3028 1469 3088 eine

309 3123 551 3204 coactamque,
578 3125 640 3184 rand
660 3126 716 3186 der
738 3125 881 3186 indicatio)
902 3127 982 3186 wird
1004 3127 1086 3186 donn
1109 3127 1319 3206 supervestiat,
1352 3128 1467 3208 woserm

308 3226 389 3288 uiolet
410 3246 450 3286 zu
473 3226 540 3286 dem
561 3226 656 3288 ιἰιιιαιι
678 3229 729 3288 des
750 3226 919 3307 podamicus
941 3227 995 3290 der
1009 3230 1077 3288 sirm
1092 3226 1148 3288 der
1161 3229 1366 3309 mccglr'cltlrer't
1379 3230 1467 3292 lom-

308 3332 375 3390 ulen
391 3329 477 3390 soll«
509 3329 704 3407 Quamquam
721 3340 821 3390 certae
838 3332 928 3408 leges,
956 3331 1065 3392 utiam
1082 3329 1227 3409 diximus,
1247 3333 1396 3397 constitui.
1409 3351 1466 3392 ne-

308 3440 438 3510 queunt,
465 3439 566 3492 tamen
582 3431 659 3492 satis
675 3450 786 3511 magno
807 3433 1018 3511 exemplorum
1037 3451 1166 3500 numero
1183 3432 1330 3500 docemur
1349 3436 1466 3515 priscos

309 3535 474 3612 scriptores
492 3534 616 3610 saepius
629 3532 831 3595 indicatiuunr
846 3535 1027 3596 adhibuisse
1047 3535 1141 3598 idest
1156 3555 1206 3596 res
1223 3538 1326 3614 potius
1339 3539 1465 3618 simpli-

307 3637 382 3696 citer
396 3653 540 3696 enarrare
556 3654 649 3714 quam
665 3655 843 3717 comparare
858 3657 929 3698 cunr
946 3640 1081 3716 ipsorum
1096 3640 1248 3702 sententia
1263 3640 1370 3702 solitos
1385 3659 1462 3717 esse,

306 3757 409 3817 neque
433 3739 533 3816 Reisig
553 3757 714 3818 perperam
739 3739 897 3818 iudicauit,
922 3759 994 3800 cum
1017 3739 1133 3802 diceret
1148 3742 1225 3802 »Die
1239 3761 1372 3804 neucren
1385 3746 1464 3804 scri-

308 3841 411 3903 bentur
439 3840 507 3903 sind
535 3841 567 3902 in
594 3840 649 3901 der
682 3841 782 3904 diriter
817 3841 1010 3904 bebcodelteo
1037 3845 1235 3904 constructum
1262 3844 1464 3924 pewceltulr'clr

306 3941 375 4002 selu·
404 3943 554 4023 eiuseiti93
572 3943 632 4004 'sic
660 3943 788 4006 scireuen
815 3945 877 4006 sicii
907 3963 964 4006 cor
990 3943 1056 4006 dam
1085 3944 1230 4007 iudicatio
1253 3947 1313 4012 wic
1334 3967 1392 4008 vor
1414 3948 1466 4010 der
1545 4015 1546 4026 χ

305 4051 380 4124 pest.
422 4044 496 4105 Sall.
524 4047 591 4125 lup.
619 4050 647 4122 4,
676 4047 855 4108 dureclrselt
878 4047 908 4108 in
930 4048 1010 4108 zwei
1029 4047 1240 4110 veruntamen
1270 4059 1393 4113 scetzen
1415 4052 1466 4112 orit

308 4146 374 4206 dem
398 4147 541 4207 indicatio
563 4148 626 4208 und
648 4150 831 4210 contricatis:
858 4151 919 4224 (ιιι
940 4151 967 4210 si
987 4151 1199 4230 reputcuerbrt
1221 4158 1250 4212 ct
1284 4153 1396 4232 quibus
1418 4173 1467 4234 epo
1545 4163 1546 4216 l
