3116 5020
298 371 360 432 270
725 370 880 431 Envaaors
905 371 1028 429 Brenno.

297 543 361 602 scin
394 559 457 608 non
490 559 614 621 semper
644 559 737 602 uerae
770 541 1023 620 interrogationes
1057 548 1146 616 sunt,
1183 556 1265 616 quae
1294 533 1456 616 significent

299 643 426 706 audisne
449 663 489 704 on
510 662 569 704 noa
592 643 705 705 audis?
728 644 847 706 uidesne
870 663 910 705 aa
932 662 991 704 aaa
1014 643 1123 703 uides?
1153 643 1249 702 scisne
1282 659 1321 700 an
1342 641 1446 700 nescis?

298 744 354 806 sed
383 748 508 824 saepius
538 745 667 808 formam
691 747 941 826 interrogationis
966 744 1094 807 indutae
1121 742 1284 806 aliusmodi
1314 744 1445 803 enuntiati

298 855 406 908 natura
430 865 466 910 ac
486 849 520 910 ui
542 860 688 911 utuntur:
717 850 823 932 itaque
845 848 1084 910 »adulterinae«
1105 866 1122 908 a
1146 845 1237 908 nabis
1261 855 1413 906 nocentur:

861 1000 895 1083 A)

299 1122 501 1184 Enuntiatum
516 1123 699 1202 primarium
723 1121 857 1184 eflicitur
879 1121 984 1199 audin,
1011 1119 1112 1196 uiden,
1138 1120 1203 1182 scia
1226 1117 1444 1180 adulterinis

724 1223 1013 1305 interrogationibus
1024 1244 1030 1284 :

384 1359 563 1422 Cuiusmodi
595 1360 765 1422 dictionum
794 1379 924 1422 munere
953 1361 1024 1421 illae
1046 1347 1130 1438 quae
1153 1357 1304 1420 uidentur
1325 1358 1442 1418 interro-

296 1463 433 1542 gationes
456 1463 560 1535 audin,
586 1463 689 1540 uideo,
714 1465 778 1526 seia
800 1465 980 1543 iungantur,
1001 1481 1041 1523 ex
1056 1481 1092 1523 ea
1109 1461 1225 1522 ratione
1241 1461 1439 1538 intellegimus,

297 1583 357 1644 qua
375 1585 391 1626 a
407 1567 517 1645 priscis
533 1566 734 1648 scriptoribus
756 1566 911 1628 adhibitae
934 1575 1016 1626 sunt.
1058 1566 1184 1626 Constat
1205 1564 1289 1624 onim
1311 1562 1441 1624 eiusmodi

298 1668 548 1748 interrogationes
579 1669 761 1748 saepissime
790 1687 845 1750 pro
873 1667 1066 1749 imperatiuis
1095 1668 1259 1745 usurpari:
1290 1666 1347 1726 Mil.
1374 1667 1438 1726 toll

297 1771 407 1845 ondin,
444 1771 632 1857 Palaestrio?
665 1790 720 1850 pro
749 1773 843 1848 aude,
883 1771 969 1832 Tria.
1002 1768 1064 1831 457
1094 1752 1172 1831 Abin
1202 1767 1270 1830 ltine
1300 1769 1437 1845 dierertei,

299 1874 387 1934 cuius
411 1873 455 1933 rei
479 1883 617 1935 sescenta
642 1875 782 1953 exempla
806 1874 927 1954 congeri
943 1881 1085 1953 possunt.
1124 1869 1244 1932 Deinde
1268 1873 1338 1952 qaia
1359 1873 1441 1950 parti-

298 1975 365 2036 cula
388 1984 511 2036 etcum
534 1977 717 2058 imperatiuo
746 1986 778 2038 et
805 1996 877 2038 cum
907 1976 1142 2054 interrogatione
1170 1975 1364 2054 coniungitur
1388 1975 1442 2034 sinc

296 2077 364 2143 ullo,
382 2079 552 2140 sententiae
569 2078 761 2140 discrimine:
790 2080 851 2140 ltlil.
873 2079 953 2139 toto
972 2081 1050 2154 Quin
1067 2085 1099 2140 tu
1114 2076 1183 2147 loric
1204 2077 1357 2157 responde,
1374 2077 1439 2135 llil

299 2181 379 2254 Quin
402 2187 434 2240 tu
456 2181 526 2242 braic
548 2182 709 2262 respondes
738 2181 877 2263 aliquid?
913 2182 1069 2259 Denique,
1101 2189 1137 2241 ut
1163 2177 1311 2259 deinceps
1333 2177 1444 2240 uidebi-

299 2300 378 2357 mus,
415 2282 506 2344 uidea
538 2292 570 2343 et
602 2283 683 2362 uide,
719 2284 836 2346 aldelin
868 2293 899 2344 et
931 2285 1028 2345 uidete
1057 2284 1232 2363 promiscue
1259 2281 1442 2343 adhibentur.

298 2385 399 2457 Quare
421 2403 483 2446 non
505 2384 629 2465 dubito,
656 2387 733 2465 quin
756 2384 863 2447 eadem
887 2386 963 2448 ratio
986 2386 1031 2446 eis
1054 2403 1178 2464 quoque
1200 2387 1257 2462 sit,
1285 2382 1447 2464 dequibus

297 2489 356 2548 iam
373 2505 510 2566 agemus,
536 2489 827 2568 interrogationibus
844 2489 947 2564 audin,
973 2488 1073 2569 uiden,
1092 2488 1167 2565 scin,
1193 2487 1310 2548 scilicet
1332 2496 1365 2548 ut
1385 2505 1449 2546 sae-

298 2590 368 2668 pius
383 2590 447 2650 iere
464 2590 719 2669 imperatiuornm
735 2592 804 2653 uice
819 2590 997 2669 fungantur,
1024 2590 1140 2671 quibus
1157 2599 1320 2651 moneatur
1334 2590 1446 2669 aliquis,

297 2702 333 2753 ut
354 2690 394 2752 ad
417 2711 482 2753 rem
506 2692 555 2753 uel
577 2711 752 2773 porsonam,
779 2711 860 2771 quae
881 2694 1032 2754 enuntiati
1048 2692 1224 2755 secundarii
1241 2692 1346 2753 uerbis
1361 2693 1450 2772 signi-

298 2797 415 2874 ficatur,
442 2797 508 2857 siue
532 2794 730 2872 audiendam,
765 2797 831 2856 siue
854 2795 1104 2874 conspiciendam
1127 2796 1196 2858 siue
1218 2795 1451 2875 cognoscendam

297 2899 435 2960 animum
458 2897 610 2960 aduertat.
651 2897 752 2978 Atque
776 2897 830 2959 nbi
854 2898 964 2976 oudin,
991 2899 1099 2976 uiden,
1126 2900 1190 2960 scia
1213 2898 1382 2960 locutiones
1403 2898 1453 2958 bac

297 2998 387 3060 modo
402 3002 577 3079 imperatiui
593 3002 661 3061 uice
677 3001 860 3080 funguntur,
880 3000 984 3078 idest,
1003 3001 1059 3063 ubi
1075 3002 1111 3079 ie,
1151 3003 1184 3063 ui
1200 3003 1376 3081 interrogat,
1398 3016 1454 3060 oon

297 3111 458 3181 propterea
475 3104 650 3183 interrogat,
677 3102 763 3182 quod
777 3103 895 3182 aliquid
917 3103 958 3165 ab
974 3105 1077 3184 aliqrm
1099 3105 1177 3164 scire
1200 3104 1279 3180 uult,
1306 3105 1339 3163 in
1361 3105 1454 3164 inter-

298 3204 507 3282 rogationibus
529 3225 569 3266 ex
598 3207 646 3266 bis
674 3207 842 3268 enuntiatis
872 3207 1027 3285 primariis
1057 3205 1268 3286 pendentibus
1298 3207 1455 3286 scriptores

296 3307 390 3386 prisci
412 3306 632 3368 indicatiuo
654 3309 703 3368 usi
728 3317 811 3369 sunt.
859 3310 947 3369 llunc
969 3311 1061 3389 igitur
1089 3307 1291 3371 indicatiuum
1320 3309 1455 3388 posuisse

297 3409 444 3471 uidentur
472 3412 504 3470 in
540 3410 831 3490 interrogationibus
860 3429 900 3471 ex
930 3411 1025 3472 audin
1058 3422 1089 3474 et
1124 3410 1214 3472 arden
1249 3409 1456 3492 pendentibus

297 3524 421 3592 propter
442 3512 572 3574 eandem
596 3531 731 3591 causam,
757 3533 798 3574 ex
820 3532 881 3593 qua
904 3516 996 3576 etiam
1019 3516 1050 3575 io
1074 3515 1129 3593 eie,
1163 3532 1245 3592 quae
1267 3534 1307 3573 ex
1328 3515 1386 3588 dic,
1412 3513 1456 3573 lo-

298 3633 389 3694 quere
419 3623 472 3676 etc.
505 3616 698 3695 imperatiuis
725 3614 921 3695 pendebant,
955 3616 1245 3696 interrogationibus
1275 3615 1456 3677 indicatiuus

298 3716 451 3795 prolectas
474 3728 536 3779 cst:
564 3719 666 3778 leuem
690 3716 758 3779 dico
782 3718 868 3779 illum
885 3721 1109 3782 sententiarum
1129 3737 1283 3780 conexum
1305 3726 1337 3779 et
1358 3721 1455 3798 ipsum

298 3829 398 3880 ortum
429 3839 468 3880 ex
497 3839 533 3881 eo
560 3819 668 3881 uiuido
701 3821 928 3884 sermocinandi
959 3839 1086 3900 genere,
1127 3840 1189 3902 quo
1223 3821 1455 3884 adducebantur

298 3922 407 4000 prisci,
438 3929 473 3982 nt
494 3923 613 4002 singula
636 3925 795 3986 enuntiata
819 3925 921 4004 potins
944 3925 1025 3985 inter
1047 3944 1080 3986 sc
1102 3923 1334 4004 coordinarent,
1368 3943 1454 4004 quam

297 4023 554 4101 subordinarent;
581 4043 674 4104 quem
697 4025 899 4098 reordinandi
922 4046 1041 4089 morem
1061 4023 1287 4106 antiquissimis
1310 4028 1455 4106 tempori-

300 4126 358 4186 bus
389 4127 480 4188 latius
509 4127 657 4189 diffusum
687 4139 787 4194 aetate
810 4130 949 4192 Plautina
979 4131 1010 4190 in
1040 4150 1075 4191 ea
1098 4132 1329 4192 enuntiatorum
1352 4148 1453 4211 genera
