3116 5020
298 364 361 428 296
721 363 878 424 Ennianis
901 365 1032 424 baanna:

299 543 365 596 Ter.
391 541 493 596 licant.
521 542 580 596 60⁰
609 540 667 609 illl,
695 543 724 607 3,
753 539 803 613 39]
834 539 908 603 Vol,
942 539 1026 605 uide,
1063 540 1142 608 qnod
1173 541 1301 608 inceptet
1327 539 1448 610 sanam:
1533 531 1534 556 l

916 643 974 714 snit
988 643 1133 714 ¹quemdam
1155 658 1228 696 anae
1251 640 1410 697 Corinthia:

826 744 899 800 Huic
922 744 1140 798 drachamarurn
1166 743 1233 798 baec
1254 745 1363 815 arpenti
1384 737 1451 798 atille

917 846 1029 902 dederat
1049 853 1174 902 mutuom
1197 876 1239 885 —

300 947 426 1025 inceptet
454 942 604 1022 praebent
633 941 704 1005 libri
733 961 842 1004 omnes
871 943 1040 1022 praeteri}
1070 942 1220 1019 codicem,
1253 943 1307 1022 qni
1332 945 1453 1022 inceptat

300 1047 502 1108 indicatiuum
518 1045 661 1120 exhibet3
681 1045 763 1106 bunc
774 1045 949 1106 Fleckeisen
966 1054 997 1107 et
1007 1046 1141 1126 Wagner
1157 1047 1254 1107 secuti
1266 1055 1351 1122 sunt,
1366 1047 1452 1106 ceteri

300 1148 433 1212 editores
451 1150 574 1229 inceptet
592 1149 824 1210 coniunctiunm
840 1157 1056 1212 seruauerunt.
1086 1148 1262 1209 Fleckeisen
1282 1156 1450 1228 propterea,
1534 1180 1535 1232 i

299 1260 338 1317 ui
357 1251 500 1328 uidetur,
528 1252 658 1330 inceptet
679 1249 881 1312 indicatiuum
904 1253 1050 1328 correxit,
1077 1249 1160 1331 quod
1183 1249 1357 1328 dubitauit,
1384 1269 1454 1312 num

301 1355 483 1434 praesentis,
509 1352 591 1433 quod
607 1353 750 1431 dicimus,
776 1353 911 1414 historici
928 1355 1143 1416 coniunctiuns
1165 1352 1236 1414 leni
1253 1362 1367 1432 posset.
1400 1352 1456 1414 Sed

301 1475 371 1517 cum
399 1456 509 1518 eedem
537 1456 675 1520 condicio
704 1458 744 1517 sit
771 1456 891 1518 Pborm.
925 1477 956 1518 u.
986 1459 1039 1516 444
1076 1467 1106 1518 et
1132 1466 1292 1537 praeterea
1322 1455 1399 1516 ibid.
1425 1476 1454 1518 n.

292 1561 359 1630 Ι424
387 1557 427 1620 ad
451 1559 529 1635 Qnid
554 1560 588 1637 444
617 1560 766 1641 deniqne?
794 1560 1074 1640 interrogationem,
1107 1578 1187 1638 quae
1215 1561 1313 1639 posita
1338 1567 1387 1620 est
1407 1578 1458 1639 pro

303 1662 384 1739 (inid
411 1661 536 1743 denr'que
564 1662 679 1743 factam
707 1665 781 1739 esti,
819 1661 1043 1744 respondeatur
1077 1660 1156 1737 (inid
1186 1663 1262 1739 fiat?
1298 1681 1355 1742 pro
1386 1661 1460 1738 Quid

301 1763 417 1844 sactum
438 1766 509 1841 rite,
535 1766 764 1827 coniunctinum
786 1784 849 1826 non
872 1764 1098 1826 sollicitandum
1120 1781 1189 1826 esse
1204 1775 1342 1843 apparat.
1374 1766 1456 1841 llale,

303 1871 434 1931 sirecte
456 1868 593 1944 memini,
618 1869 734 1930 Kreuss
757 1877 877 1948 quaesi.
904 1871 1024 1928 Terent.
1051 1886 1121 1948 pag.
1146 1869 1184 1928 40
1210 1867 1309 1928 Atride
1331 1867 1407 1949 qnid
1426 1887 1460 1928 ce

303 1972 434 2052 inceptat
466 1968 665 2033 scribendum
698 1990 767 2033 esse
801 1971 944 2046 coniecit;
982 1987 1053 2030 nem
1088 1970 1305 2030 coniunctiuns
1340 1971 1460 2030 omnino

304 2074 495 2136 necessarius
518 2083 595 2134 eret.

390 2175 612 2240 Coniunctiuus
635 2176 716 2237 iacili
740 2177 861 2256 negotio
883 2177 1005 2237 restitui
1029 2183 1131 2254 potest
1153 2175 1183 2234 in
1212 2193 1307 2236 uersu
1330 2174 1460 2237 Andriae

304 2279 408 2341 uersui
432 2279 494 2340 825
518 2280 687 2340 simillime:
1536 2347 1537 2350 Ἴ

304 2390 370 2445 Ter.
397 2390 465 2444 llec.
493 2393 563 2444 443-
582 2381 627 2463 (ll,
658 2392 684 2456 4,
713 2383 761 2465 26)
789 2389 822 2443 44
845 2387 927 2454 uide,
961 2401 1047 2456 quam
1076 2387 1206 2441 inmerito
1230 2387 1378 2458 aepritado
1402 2387 1463 2442 aare
1536 2441 1537 2444 ,

921 2491 1013 2545 oritur
1034 2492 1075 2544 mi
1094 2487 1145 2544 abs
1166 2495 1201 2555 tr,
1226 2487 1376 2546 Sostrata:

789 2594 845 2647 line
873 2590 1028 2648 bobilanem
1055 2589 1129 2660 abii,
1162 2591 1315 2648 concedens
1337 2591 1421 2648 nobie
1442 2599 1464 2646 et

921 2696 963 2748 rei
980 2677 1120 2762 'caetere
1144 2725 1187 2735 -

789 2796 924 2870 Sumptus
949 2805 1060 2854 nosnos
1083 2799 1227 2870 etiamque
1249 2806 1280 2854 nt
1302 2806 1402 2853 nostre
1422 2814 1463 2853 res

921 2905 1017 2972 poscet
1036 2901 1100 2972 pati
1121 2905 1178 2956 etc.

306 3001 447 3060 Fortasse
469 2997 670 3060 scribendum
689 3000 764 3060 erit:
790 3002 825 3059 Ar
850 3003 929 3068 aide,
957 3017 1042 3075 paam
1069 3003 1201 3060 inmerito
1230 3003 1379 3074 nepisinae
1402 3001 1465 3057 aare

922 3108 962 3159 rnr'
983 3103 1034 3160 aba
1057 3106 1224 3171 tertiatur,
1249 3103 1392 3160 socnam.

306 3209 346 3264 Pl.
370 3210 453 3264 llost.
483 3213 540 3265 498
569 3202 602 3281 (l,
630 3212 659 3276 3,
688 3207 738 3279 44)
794 3206 949 3274 Postremo,
988 3209 1015 3262 ri
1041 3205 1120 3262 dictis
1147 3209 1244 3279 nequir
1272 3207 1408 3280 perderet,
1440 3215 1468 3261 nt
1537 3203 1538 3264 i

922 3325 992 3365 nera
1014 3309 1083 3364 baec
1105 3309 1213 3374 credas,

792 3413 834 3468 lic
854 3412 938 3485 factt'c
959 3427 1041 3468 nosce
1061 3427 1137 3468 reat:
1169 3411 1247 3480 uide,
1284 3401 1372 3493 (epa)
1396 3427 1466 3484 qnae

924 3517 978 3572 sim
1000 3520 1029 3570 et
1051 3529 1127 3585 quea
1149 3515 1189 3570 lui
1211 3519 1288 3572 ante.

756 3657 761 3664 -
793 3619 889 3676 Niln'le
917 3634 967 3689 epo
997 3633 1059 3674 enm
1086 3625 1185 3674 emata
1215 3605 1349 3697 (seber),
1389 3625 1468 3691 atace

924 3722 976 3776 nni
997 3721 1070 3788 presi
1090 3735 1203 3786 maram,
1318 3743 1320 3750 ⁴

796 3821 851 3886 Oui
861 3825 913 3894 pol
933 3839 986 3890 me,
1012 3821 1061 3876 ubi
1075 3828 1166 3877 aetate
1181 3821 1233 3878 liae
1248 3829 1333 3895 capnt
1350 3823 1467 3879 colorem

926 3925 1121 3991 commutauit,

794 4028 913 4099 Reliquit
935 4027 1110 4098 deseruitque
1130 4041 1184 4082 are.

309 4129 358 4189 Sic
380 4127 492 4189 llitsehl
518 4126 572 4187 bes
588 4125 778 4206 septenarios
794 4123 942 4186 iambicos
957 4123 1105 4200 restitnii3
1131 4123 1203 4184 libri
1226 4124 1355 4195 Palatini
1380 4143 1468 4204 pree·
