3116 5020
316 407 358 468 Dr
382 410 510 470 Smruxr
533 410 817 472 inrrrnomrmrrvu
840 408 1038 481 Orationem.
1196 405 1260 471 303

487 1089 634 1172 tantu
659 1089 873 1174 nunniti.

183 1506 336 1578 Quoniam
360 1505 629 1583 interrogationum
644 1501 852 1584 obliquorum,
878 1507 909 1564 in
932 1504 1049 1584 quibus
1070 1505 1159 1567 uerbi
1182 1525 1261 1568 oon-

96 1609 256 1670 iuootiuus
284 1625 324 1668 ex
352 1608 443 1668 certis
466 1606 587 1686 legibus
615 1605 755 1668 adbiberi
782 1608 892 1669 solitus
921 1618 984 1686 eet,
1017 1625 1128 1686 genera
1158 1611 1259 1670 omnia

96 1709 371 1789 perlustranimus,
396 1727 480 1771 nuno
501 1708 685 1770 accedamus
707 1708 747 1770 ad
769 1728 804 1772 eo
828 1710 981 1789 exempla,
1007 1727 1088 1789 quae
1103 1711 1163 1770 iilis
1180 1711 1259 1791 legi-

98 1813 162 1873 bus
191 1821 334 1891 exempto
361 1829 431 1879 esse
460 1811 617 1874 uidentur.
672 1811 748 1873 Nam
784 1813 817 1874 in
849 1812 1008 1893 plerisque
1045 1814 1260 1891 interrogatio·
1318 1797 1321 1808 ’

96 1933 192 1993 num,
225 1913 264 1976 de
287 1914 405 1995 quibus
428 1914 591 1994 hueusque
620 1916 756 1994 egimus,
790 1915 957 1994 generibus
985 1915 1106 1995 singula
1133 1915 1260 1976 iuueni-

96 2026 196 2078 untur
228 2017 386 2097 exempla,
418 2020 449 2078 io
480 2015 612 2097 quibos,
645 2019 791 2096 quamuis
813 2025 916 2080 nostro
938 2019 1005 2078 iure
1027 2017 1258 2078 coniunctiuum

93 2130 304 2199 expectemus,
331 2119 519 2182 indicatione
544 2131 693 2182 ooourrat.
734 2121 877 2198 Causam,
904 2139 964 2199 qua
982 2122 1012 2180 in
1028 2120 1075 2179 bis
1090 2120 1258 2181 enuntiatis

99 2222 287 2284 indicatiuus
310 2221 498 2296 emoreretur,
530 2222 580 2284 alii
602 2223 693 2284 eiiam
716 2239 785 2282 esse
808 2221 977 2301 putabant:
1013 2241 1045 2281 re
1069 2240 1140 2282 uera
1164 2240 1257 2283 causa

97 2324 170 2386 inde
185 2323 352 2404 repetenda
368 2341 437 2386 esse
460 2323 595 2398 uidetur,
621 2323 703 2404 quod
726 2324 817 2402 prisci
840 2326 1006 2403 scriptores
1027 2325 1058 2384 in
1074 2325 1258 2404 exprimen-

97 2427 148 2488 dis
169 2429 225 2506 eis,
251 2443 332 2506 quae
354 2445 410 2506 pro
431 2436 513 2488 oeno
528 2435 666 2488 constare
690 2437 721 2487 et
735 2426 817 2486 omni
834 2425 1025 2488 dubitatione
1048 2444 1157 2487 uaoore
1179 2445 1258 2486 senff

98 2531 200 2608 tirent,
226 2530 319 2591 etiem
342 2529 471 2591 formam
494 2531 584 2591 certis
607 2529 702 2590 rebus
725 2527 937 2591 describendis
959 2529 1131 2609 propriam,
1156 2527 1186 2590 id
1210 2538 1259 2590 est

98 2630 225 2694 modum
241 2630 456 2709 indicatiuum,
475 2630 623 2693 adhibere
638 2649 699 2694 non
715 2631 908 2694 dubitarunt.
936 2631 1122 2694 lndioatinus
1140 2639 1254 2710 autem,

98 2744 134 2794 ut
154 2753 212 2813 par
233 2744 297 2813 est,
331 2736 363 2794 iu
386 2736 431 2795 eis
454 2742 573 2796 tantum
605 2735 895 2814 interrogationibus
924 2735 995 2795 ierri
1027 2745 1143 2814 potest,
1176 2753 1257 2813 quae

96 2838 279 2916 pronomine
301 2839 527 2916 intemogatino,
554 2855 615 2897 non
638 2837 668 2897 in
691 2839 746 2915 eis,
772 2856 854 2916 quae
868 2837 1016 2918 particula
1040 2838 1255 2915 interrogation

96 2941 232 3018 insignes
265 2948 355 3016 sunt,
395 2949 501 3019 utpote
535 2940 566 2998 in
600 2938 716 3018 quibus
749 2937 790 3001 de
821 2941 887 3020 ipse
925 2941 1043 3001 notione
1076 2937 1251 3014 dubitetur;

94 3051 189 3121 atque
212 3059 230 3102 e
251 3041 489 3121 pronominibus
513 3042 740 3120 interrogatiuis
767 3061 823 3102 eae
850 3042 965 3104 formae
988 3042 1069 3102 solae
1097 3043 1157 3103 buo
1179 3060 1257 3120 per-

95 3147 204 3222 tinent,
223 3162 304 3222 quae
319 3145 411 3205 simul
429 3144 633 3205 relatiuam
650 3145 834 3205 sententiam
849 3145 1022 3224 exprimere
1040 3155 1178 3224 possunt.
1220 3146 1255 3204 lu

96 3247 256 3308 nonnuliis
290 3248 372 3310 enim
399 3246 549 3326 exemplis
581 3248 661 3308 inter
693 3247 887 3308 enuntiatum
921 3247 1101 3327 primarium
1135 3255 1166 3308 et
1198 3265 1255 3308 se-

94 3348 279 3411 cundarium
313 3347 449 3411 condicio
479 3348 633 3427 quaedam
667 3349 715 3409 uei
750 3349 930 3410 oorreiatiuo
966 3350 1015 3409 uei
1050 3351 1178 3410 relatiua
1214 3351 1254 3410 ita

94 3451 265 3530 interoedit,
292 3462 328 3512 ut
348 3452 398 3512 iiia
422 3452 580 3518 enuntiata
603 3469 664 3512 uon
688 3461 750 3512 tam
779 3470 835 3530 pno
857 3452 1147 3530 interrogationibus
1168 3451 1255 3512 obii*

94 3556 166 3633 quis
188 3573 283 3634 quam
306 3571 362 3634 pro
384 3555 552 3616 enuntiatis
574 3554 762 3616 oorroiotiuis
784 3555 835 3616 uei
862 3554 999 3615 relatiuis
1021 3552 1162 3616 babendo
1186 3573 1254 3616 esse

93 3656 276 3734 uideantur,
302 3666 394 3737 prout
415 3667 470 3719 aut
491 3675 660 3736 pronomen
683 3655 979 3735 demonstratiuum,
1012 3658 1062 3716 oui
1084 3675 1254 3735 pronomen

93 3761 258 3821 relatiuam
281 3759 499 3842 responderet,
533 3760 682 3820 omissum
713 3769 767 3820 aut
789 3777 901 3820 nornen
931 3758 1179 3837 snbstantiuum,
1213 3758 1254 3820 ad

92 3862 175 3942 quod
204 3879 373 3940 pronomen
403 3862 568 3923 relatiuum
598 3861 796 3923 referendum
826 3872 923 3940 esset,
957 3879 1013 3942 per
1041 3863 1252 3922 attractionem

92 3964 250 4044 quandam
272 3981 312 4026 ex
334 3967 495 4025 enuntiato
518 3965 663 4042 primario
685 3966 717 4024 in
741 3963 961 4024 secundarium
986 3965 1206 4041 transpositum
1222 3975 1254 4024 et

91 4069 281 4148 pronominis
297 4067 416 4128 relatiui
434 4069 518 4128 rasni
538 4066 720 4145 adaptatum
743 4085 813 4127 esse
829 4067 1052 4128 oeusuerimus.
1093 4065 1138 4126 do
1160 4070 1251 4128 certis

89 4170 217 4250 quidem
243 4169 361 4248 iegibus
378 4169 553 4231 discernere
569 4170 659 4246 uelle,
687 4169 741 4233 ubi
757 4171 789 4228 in
806 4169 853 4228 bis
868 4171 1036 4230 enuntiatis
1052 4167 1247 4251 indicatione,
