3086 5024
281 423 322 482 De
347 425 476 486 Srurrxr
499 424 781 486 lurearonsrronrn
803 426 1003 497 anmnn.
1167 429 1227 488 rte

71 590 122 666 sit,
156 595 300 670 quamuis
330 595 479 656 librorum
511 598 656 658 memoria
695 597 779 658 nulla
817 597 1060 675 corruptelarum
1099 599 1225 676 uestigia

70 692 228 757 ostendat:
447 742 449 746 .

112 796 135 876 t)
163 805 250 860 Mero.
280 801 418 880 5034411,
443 812 470 874 4,
492 801 519 882 5)

192 906 297 964 Amabo
321 917 439 973 ecastor,
466 910 506 964 mi
528 926 626 974 senem,
652 910 800 978 eloquere.
822 949 827 962 .
848 951 853 963 .
871 901 884 985 ΙΙ
901 910 1026 981 Exquire
1049 911 1171 982 quiduis.

205 1001 218 1086 ΙΙ
234 1008 295 1077 Qur
317 1013 421 1065 emeris
443 1029 495 1066 me.
516 1002 528 1088 Η
547 1013 617 1066 Tene
640 1011 712 1082 epo?
733 1019 774 1083 nt,
802 1012 877 1082 quod
899 1013 1057 1084 imperetur,
1082 1014 1183 1084 socios.

69 1105 292 1177 QUREMERIS
315 1107 358 1185 A;
388 1109 452 1168 Gur
474 1109 585 1188 emptis
607 1108 672 1184 CD,
700 1110 809 1170 Curem
830 1112 917 1188 prius
939 1111 973 1170 B.

68 1208 144 1266 Sane
166 1208 246 1270 laoili
268 1213 388 1290 negotio
410 1211 597 1272 indicatiuus
621 1213 738 1272 restitui
761 1213 868 1289 possit,
893 1213 919 1272 si
942 1193 1102 1290 antiquam
1125 1231 1221 1272 aeuu-

67 1311 152 1370 satiui
176 1311 306 1373 lormam
329 1314 397 1374 med
419 1315 632 1393 amplexantes
654 1315 788 1375 seribere
811 1316 963 1377 uelimus:

191 1416 278 1486 Quor
291 1418 360 1477 med
381 1419 506 1477 emisti‘l
522 1414 534 1498 ΙΙ
554 1419 627 1491 Tene
650 1419 726 1497 epo?
747 1425 790 1493 ut,
817 1417 903 1498 quod·
917 1419 1090 1497 imperetur,
1109 1415 1220 1494 focius.

68 1515 141 1576 Cum
164 1535 240 1577 uero
263 1519 292 1576 in
317 1522 458 1598 sequenti
483 1521 557 1580 Tene
580 1537 633 1600 epo
654 1520 835 1598 pronomina
859 1521 939 1580 inter
960 1535 993 1580 se
1016 1527 1220 1596 opponantur,

65 1617 188 1680 fortasse
211 1621 412 1682 scribendum
435 1631 499 1682 est:

188 1725 274 1796 Quor
289 1731 320 1784 tu
335 1740 381 1785 me
394 1725 521 1787 emisti‘l
537 1722 549 1806 ΙΙ
569 1727 643 1785 Tene
658 1726 732 1804 epo?
755 1731 798 1802 ut,
825 1724 904 1806 quod
917 1725 1092 1805 imperetur,
1110 1724 1219 1805 [00404.

105 1823 131 1905 2)
158 1833 241 1887 Most.
272 1836 330 1888 406
359 1827 390 1908 (1,
419 1838 448 1900 3,
479 1826 526 1906 40)
554 1832 737 1902 Contempta,
764 1831 881 1898 amedu,
907 1849 969 1887 meo
992 1831 1116 1906 Scaptio,
1147 1835 1221 1888 satin

646 1935 713 1990 loeo
736 1951 780 1990 me
800 1937 886 1991 uestis
909 1935 1020 1990 deceat.

63 2029 99 2088 ita
114 2030 193 2091 libri
216 2047 325 2093 omnes
348 2049 474 2096 uersum
497 2033 662 2108 exbibent;
689 2041 790 2093 tamen
814 2049 875 2092 non
891 2032 1009 2112 dubito,
1036 2033 1112 2112 quin
1135 2032 1221 2092 indi-

62 2133 167 2206 catluo,
195 2153 290 2214 quem
314 2151 414 2196 sermo
429 2136 588 2198 Plautinus
610 2137 756 2216 postulat,
784 2137 923 2197 restituto
946 2151 1057 2197 uersus
1080 2137 1122 2196 ita
1139 2137 1221 2196 seri-

62 2235 180 2298 bendus
204 2239 259 2298 sit:

141 2342 334 2420 Contempla,
361 2343 480 2420 amabo,
507 2359 573 2402 meo
593 2342 726 2421 Seoplto,
751 2343 831 2402 setin
855 2342 929 2402 baec
951 2340 1038 2403 decet
1055 2359 1101 2401 me
1116 2343 1216 2401 uestis.

102 2447 128 2519 3)
152 2448 218 2504 Aul.
246 2451 293 2518 111,
323 2455 350 2517 2,
382 2455 417 2505 47
448 2444 529 2527 (428)
557 2450 626 2507 Volo
649 2451 734 2517 seire,
761 2451 837 2504 sinas
859 2465 897 2504 aa
921 2466 979 2505 non
1000 2451 1076 2504 sinas
1097 2463 1148 2504 nos
1172 2465 1220 2504 eo-

644 2563 727 2624 quere
749 2553 794 2606 tte
817 2569 924 2607 oenum.

61 2644 133 2707 Cum
156 2649 384 2727 ooniunetluus,
411 2665 504 2729 quem
527 2649 598 2710 libri
620 2650 781 2728 praebent,
808 2649 931 2711 delendi
954 2656 1098 2727 nequeat,
1126 2649 1220 2706 immo

59 2767 144 2810 ooeus
168 2750 294 2831 flagitet,
321 2761 356 2812 ut
378 2752 437 2812 sibi
453 2760 591 2813 actutum
607 2753 840 2832 respondeatur,
866 2754 898 2812 in
913 2752 970 2811 boo
985 2770 1109 2829 quoque
1125 2769 1219 2811 uersu
1270 2754 1274 2760 '

58 2851 242 2915 indicatiuus
265 2865 371 2915 eontra
385 2854 535 2917 librorum
559 2857 769 2918 auctoritatem
786 2854 995 2916 restituendus
1018 2864 1049 2914 et
1071 2853 1216 2915 seriben-

59 2953 129 3015 dum
152 2957 212 3019 erit
234 2959 297 3020 uel:

184 3060 258 3122 Volo
281 3061 369 3139 seire,
395 3061 472 3121 sinis
496 3081 536 3121 on
557 3079 617 3123 non
639 3063 714 3122 sinis
736 3080 791 3123 nos
813 3079 940 3141 coquere
963 3059 1010 3120 ln'e
1032 3075 1145 3120 cenom.

58 3162 118 3240 uel,
151 3164 227 3242 qula
255 3165 352 3242 magis
381 3163 555 3225 Plautinum
586 3174 634 3224 est
662 3165 844 3243 particulam
873 3179 910 3224 ne
938 3163 977 3245 (n)
1004 3162 1091 3222 alteri
1110 3152 1217 3222 'uerbo

57 3265 174 3345 ailigere
209 3264 255 3347 (ut
277 3266 364 3346 Gapt.
391 3268 470 3326 8l6:
507 3265 600 3327 luben
628 3287 669 3328 on
697 3287 755 3329 non
783 3268 887 3329 iubes?
916 3266 978 3327 Mil.
1004 3267 1083 3324 tit:
1119 3266 1217 3325 Mittin

58 3383 98 3427 ne
120 3387 159 3429 on
188 3385 250 3430 non
272 3370 385 3430 mittis?
414 3368 524 3430 Pseud.
552 3369 631 3431 254:
668 3371 795 3446 Licetne,
822 3371 953 3445 obsecro,
981 3368 1074 3428 bitere
1097 3385 1136 3426 on
1158 3383 1216 3426 non

59 3469 143 3532 lieet?
165 3475 259 3532 Truc.
285 3473 346 3551 llll,
374 3475 403 3550 2,
432 3474 488 3535 42:
516 3472 607 3536 liediu
629 3491 670 3534 oti
692 3491 750 3533 non
773 3473 876 3534 redis?
902 3472 983 3531 Pers.
1011 3470 1088 3529 533:
1120 3471 1216 3528 Taceo

56 3593 93 3633 on
120 3595 179 3637 non
209 3577 313 3636 taces?
343 3577 432 3637 Mero.
468 3575 545 3636 450:
579 3576 634 3636 Vin
663 3582 695 3636 tu
725 3582 751 3635 te
782 3578 824 3636 mi
851 3591 912 3636 esre
942 3573 1146 3653 obsequentem
1176 3589 1217 3630 on

56 3677 157 3738 neeis?
185 3676 299 3740 Pseud.
333 3680 413 3738 tto:
445 3681 524 3740 Esne
554 3686 586 3740 tu
615 3698 656 3740 on
684 3696 743 3739 non
771 3680 826 3738 es?
867 3674 957 3756 Epid.
992 3676 1053 3753 llll,
1090 3676 1119 3753 t,
1156 3675 1211 3735 te:

57 3779 138 3841 Estne
166 3801 206 3842 eo
236 3798 276 3841 ou
302 3800 362 3843 non
389 3775 461 3866 (ea)
491 3784 557 3842 est?
586 3782 670 3841 Tria.
698 3779 774 3840 4074
803 3786 883 3842 estne
905 3783 986 3858 ipsiu
1009 3796 1049 3838 on
1070 3779 1217 3838 nonest?

61 3879 152 3962 (Gapt.
173 3884 234 3944 74ε
260 3885 350 3944 Estne
365 3879 537 3945 inuoootum
561 3899 601 3944 on
622 3901 682 3943 non
704 3877 813 3966 (endi)
841 3884 930 3942 Mero.
950 3880 1026 3942 452:
1052 3882 1216 3942 euenirene

55 4001 116 4045 eom
138 3985 212 4048 uelit
235 4005 275 4046 on
296 4003 356 4046 non
378 3985 471 4063 uelit,
497 3985 582 4048 Most.
611 3987 667 4044 684
684 4006 699 4068 :¹
723 3993 825 4046 utrum
855 4001 908 4044 eoe
936 3983 1065 4044 uelintne
1096 3998 1136 4044 an
1157 4003 1216 4070 npn

56 4087 150 4164 uelint,
177 4085 291 4152 Pseud.
320 4089 392 4149 lbi:
420 4089 524 4150 Sintne
546 4084 597 4149 illo
619 4107 710 4148 necne
732 4089 806 4163 sint,
834 4085 912 4146 oonl.
940 4087 1027 4168 Capt.
1048 4085 1120 4149 283.
1138 4087 1210 4147 743.

56 4190 154 4252 ltacoh.
184 4194 258 4252 l00.
292 4191 381 4270 Epid.
410 4193 457 4269 lll,
487 4193 515 4268 l,
543 4193 572 4250 3.
615 4191 684 4252 Ces.
711 4191 732 4267 l,
763 4190 789 4266 l,
818 4189 848 4249 7.
875 4190 922 4266 lll,
950 4190 979 4266 3,
1008 4192 1037 4248 9.
1064 4198 1096 4249 et
1117 4190 1214 4250 uerbo
