3176 5028
501 437 702 506 ernsmenes
725 451 877 494 neretum.
1232 430 1273 492 59

104 598 175 665 ‘Vbi
196 606 252 666 itto-
273 605 385 666 cltrdst
411 606 547 686 fortifica
576 605 675 667 boue.
721 601 832 682 Amph.
866 604 948 662 333:
988 605 1064 664 Hinc
1094 607 1171 664 etnim
1201 603 1274 664 crilri

105 707 224 766 ‹teoetrd
255 726 321 766 nom
345 709 441 783 auris,
468 705 501 769 de
529 708 660 785 uidetur,
689 707 838 768 adiberet.
937 707 1013 778 Hac
1026 704 1066 766 de
1095 725 1186 766 cause
1213 725 1274 766 non

105 827 237 888 possum
258 827 322 869 non
344 809 518 888 improbare
534 811 670 871 Muelleri
696 809 749 884 (Pl.
766 811 812 869 Pr.
832 828 863 888 p.
882 808 908 888 i)
937 809 1155 870 coniecturam:
1177 809 1266 868 Poen.

105 913 187 989 proi.
213 912 273 971 85:
306 910 408 972 Altero
438 913 652 992 quinquennis,
687 913 767 973 ditrc
798 906 920 996 (queri)
943 910 1155 991 quadrimum
1190 909 1271 971 idem

111 1014 245 1093 (Nachtr.
266 1032 298 1092 p.
319 1015 369 1093 69)
389 1015 547 1093 proposuit
561 1014 654 1076 Stich.
677 1015 752 1074 ttt:
782 1012 856 1074 Hcr'r
875 1012 954 1072 erote
969 1014 1054 1072 istoc.
1074 1029 1128 1092 eye
1145 1012 1176 1073 td
1193 1006 1273 1097 (dre)

105 1117 200 1194 filtro,
234 1119 334 1179 utrdrt
356 1116 488 1177 condicio
509 1119 646 1196 promor,
679 1118 767 1178 euius
790 1117 860 1177 finis
881 1117 925 1176 itu
946 1114 1180 1176 constituendus
1203 1129 1271 1176 osse

108 1218 250 1280 uidetur:
271 1253 314 1262 —
329 1219 426 1279 (ittera
448 1217 521 1278 titre
536 1219 699 1280 condiciost
709 1223 842 1299 pe'osr'or.
870 1253 908 1262 --
928 1219 1033 1296 Itaque
1055 1217 1274 1296 huncquoque

105 1322 149 1381 ob
172 1340 298 1383 censam
322 1322 410 1382 Trnc.
431 1323 441 1380 l
463 1322 490 1398 i,
518 1320 558 1383 27
568 1342 573 1380 :
603 1322 658 1398 sio
681 1323 756 1383 dlter
780 1321 852 1382 altri
871 1322 970 1400 po'tr'or
993 1328 1037 1381 est
1059 1320 1159 1381 r'tz'de'm
1178 1321 1269 1399 perit,

105 1433 289 1503 corruptum
312 1441 381 1485 esse
403 1425 556 1500 existimo,
583 1424 719 1502 itemque
735 1427 823 1485 Mero.
845 1424 917 1499 965,
944 1421 1000 1483 ubi
1016 1420 1112 1482 edidit
1127 1422 1273 1482 Bitscho-

108 1527 184 1588 lius:
215 1517 316 1586 ‘Vmor
339 1527 395 1587 tibi
409 1527 534 1607 plosdtu
557 1535 588 1587 et
604 1525 765 1605 pleror‘dcst.
806 1529 877 1587 ce'tte
900 1521 1206 1586 &eberneicortem
1234 1553 1272 1570 -ι

194 1814 284 1878 Alius
299 1825 402 1878 eutem
418 1814 568 1876 eiusmodi
584 1833 696 1878 uersus
712 1834 781 1876 eum
798 1815 903 1876 nullus
919 1815 1111 1890 inuenietur,
1138 1813 1273 1876 demon-

105 1931 225 1980 strasse
248 1918 323 1979 mihi
346 1916 454 1979 uideor
476 1918 573 1998 legem
588 1919 671 1978 illam
688 1918 814 1978 alteram
832 1936 936 1978 ueram
954 1935 1032 1994 esse,
1064 1936 1124 1997 qua
1142 1917 1274 1979 noluerit

105 2023 236 2084 Plautus
251 2023 337 2083 exire
359 2039 485 2083 uersum
509 2022 539 2081 in
563 2021 695 2082 uerbum
719 2023 865 2082 creticum
891 2029 923 2080 et
944 2020 1075 2082 uerbum
1092 2020 1268 2081 iambicum.

105 2125 218 2204 Atque.
234 2144 273 2186 ex
295 2124 353 2184 heo
375 2124 440 2202 ipse
466 2143 497 2184 re
520 2125 546 2184 si
568 2124 639 2184 licet
661 2123 842 2184 concludere
860 2124 986 2183 alteram
1006 2141 1161 2204 quoquee
1186 2132 1272 2201 pocta

106 2246 179 2288 esse
204 2225 409 2304 obseruatam,
437 2227 494 2288 hoc
516 2227 598 2288 omni
622 2224 814 2287 dubitatione
831 2226 976 2286 eximitur
1001 2236 1172 2286 ceterorum
1197 2244 1274 2287 uer-

107 2348 204 2391 suum
227 2328 415 2390 obstentium
440 2326 703 2389 emundandorum
728 2327 882 2390 facilitate.

198 2429 277 2491 Rud.
306 2430 366 2492 775
390 2450 439 2511 sq.
464 2433 548 2494 etin
572 2430 657 2491 libris
681 2431 764 2491 etin
788 2429 974 2491 editionibus
998 2431 1080 2492 hunc
1096 2431 1127 2490 in
1148 2429 1271 2492 modum

106 2536 269 2614 leguntur:

243 2639 360 2712 Qoee're
397 2655 482 2698 erem
519 2645 607 2716 utque
645 2633 771 2696 edddce.
822 2633 859 2695 m
896 2635 943 2696 bic
976 2654 1036 2696 ne.
1060 2679 1093 2693 ..
1128 2637 1274 2695 Mdoeumd
1358 2653 1361 2658 ⁴

530 2738 626 2798 mclo'
649 2740 715 2798 sud

243 2842 279 2902 St
300 2841 434 2922 dttr'ycrr't
456 2842 520 2902 siue
543 2841 725 2920 deceptossd.
767 2838 857 2900 Cdre.
895 2839 1088 2901 Curctdmst:
1114 2840 1175 2900 obi.

108 2944 174 3007 Sed
198 2945 225 3004 si
248 2943 425 3004 recordatus
448 2943 509 3005 eris
532 2962 625 3022 quum
649 2952 793 3004 constans
821 2942 881 3003 sibi
912 2943 951 3004 sit
975 2961 1075 3004 sermo
1098 2943 1268 3018 Plautinus,

106 3047 228 3108 collutis
251 3045 301 3106 his
324 3044 470 3106 uorsibus

280 3148 348 3208 Cas.
375 3148 414 3207 lil
443 3149 472 3226 3,
510 3148 564 3207 te:
593 3145 707 3207 Audiui
726 3155 845 3207 ecastor
868 3146 935 3208 crim
958 3147 1036 3208 male
1059 3150 1166 3229 nroynd
1190 3155 1250 3208 too.

279 3250 365 3312 Asin.
393 3251 448 3310 90i
558 3271 563 3308 :
592 3248 649 3310 dio
680 3249 824 3311 tandem?
853 3270 890 3310 oe
919 3257 951 3310 tu
982 3251 1085 3332 edepol
1105 3247 1184 3313 istuc
1207 3247 1275 3311 crim

696 3354 774 3414 mole
797 3355 904 3432 moqed
928 3361 977 3413 tuo

595 3457 711 3516 Dr'oor'str'
733 3457 763 3515 io
786 3471 841 3516 me.

279 3558 366 3620 Asin.
395 3559 455 3617 909
558 3579 562 3616 ;
591 3554 663 3639 'Eyo
684 3558 735 3637 pol
755 3559 869 3635 ut'rmm,
896 3566 923 3619 et
945 3565 976 3618 tu
995 3560 1088 3619 istaec
1107 3557 1191 3618 bodie
1206 3555 1274 3617 crim

697 3667 744 3719 tuo
767 3662 875 3740 croyod
898 3660 976 3720 molo

596 3757 767 3822 'Innocenti

278 3866 337 3928 Mil.
366 3867 427 3926 492
556 3887 561 3924 :
593 3863 916 3925 Metuoilleecmt'br'res
930 3865 968 3922 oc'
979 3862 1055 3922 rnrrb
1068 3865 1175 3942 moqed
1188 3862 1269 3941 fuet.

283 3968 390 4042 (Andr.
421 3968 480 4028 179
559 3988 564 4025 :
593 3962 642 4026 'At
664 3985 744 4030 nunc
765 3966 874 4056 societ)
906 3968 999 4044 odque
1028 3974 1062 4026 ot
1084 3966 1188 4045 opinor
1210 3968 1274 4027 sice

698 4078 746 4130 tuo
769 4071 876 4149 meyoo'
899 4067 986 4147 melo)

108 4195 173 4238 non
199 4172 373 4251 dubitabis,
400 4175 475 4254 quin
498 4173 624 4235 Plautus
647 4173 691 4234 sio
712 4173 813 4252 potius
836 4171 1006 4253 scripserit:
