3086 5024
293 456 335 515 Da
359 456 486 517 Srrrrixr
507 457 788 519 ixrrnnocarrouvn
811 458 1013 528 Onerovaavn.
1179 458 1240 517 175

80 627 159 684 inter
181 645 214 686 se
237 625 419 705 cohaerent,
454 627 510 689 sed
538 629 631 688 artior
660 629 889 688 enuntiatorum
920 645 1056 688 conexus
1085 625 1241 707 proiectus

81 737 187 788 estex
211 730 277 806 ipsa
300 731 450 791 enuntiati
473 731 610 810 primarii
632 728 821 790 condicione.
859 730 1000 791 Diximus
1022 730 1104 791 enim
1128 730 1159 788 in
1183 732 1238 808 εἰε,

81 828 119 889 de
152 831 270 909 quibus
303 829 321 913 ξ
346 833 358 891 t
391 833 608 911 exposuimus,
646 833 796 932 exemplis
829 842 989 911 propterea
1018 849 1109 894 suum
1140 832 1241 893 locum

79 931 252 994 obtinuisse
275 943 461 997 structuram
484 933 710 1012 adiunctiuam,
737 933 821 1014 quod
842 935 1038 996 enuntiatum
1051 937 1241 1013 ¹primarium

80 1036 207 1098 minoris
231 1040 377 1099 momenti
399 1047 482 1100 esset
498 1049 528 1100 et
550 1040 616 1118 ipsa
640 1038 876 1117 interrogatione
899 1036 963 1098 iere
986 1040 1086 1099 omnis
1109 1048 1241 1099 senten-

78 1139 135 1199 tiae
158 1141 210 1201 uis
233 1140 560 1221 comprehenderetur,
593 1159 691 1220 eoque
720 1141 834 1202 factum
865 1157 949 1219 esse,
983 1150 1018 1202 ut
1045 1143 1240 1220 interrogatio

78 1243 237 1304 enuntiato
248 1244 394 1323 primario
409 1263 470 1304 non
486 1244 736 1323 subiungeretur.
762 1235 852 1314 Quod
867 1245 1020 1327 sinerum
1036 1253 1092 1323 est,
1112 1244 1238 1305 alteram

77 1353 265 1406 structuram
289 1347 521 1408 subiunctiuam
544 1348 574 1407 in
598 1346 681 1406 illius
698 1347 798 1406 locum
814 1344 982 1407 succedere
998 1357 1239 1408 consentaneum

78 1457 133 1526 est,
161 1448 219 1510 ubi
243 1451 436 1511 enuntiatum
451 1450 634 1529 primarium
651 1467 713 1508 non
729 1448 794 1509 solo
816 1447 999 1510 adhortandi
1016 1468 1146 1510 munere
1161 1450 1240 1511 fun-

77 1560 175 1629 gatur,
197 1551 254 1613 sed
270 1555 417 1614 maiorem
433 1553 606 1614 sententiae
621 1552 803 1630 grauitatem
818 1552 958 1631 accipiat.
998 1553 1119 1613 Maioris
1134 1563 1236 1614 autem

79 1656 227 1715 momenti
250 1666 324 1717 sunt
345 1674 380 1716 ea
403 1656 561 1717 enuntiata
583 1655 739 1733 primaria,
765 1671 897 1733 quorum
927 1653 1064 1715 condicio
1087 1656 1157 1716 talis
1179 1664 1237 1735 est,

79 1773 137 1834 qua
162 1756 271 1836 aliquo
293 1757 382 1819 modo
403 1760 471 1836 ipsa
494 1759 663 1835 sententia,
697 1776 777 1836 quae
807 1758 887 1819 inest
910 1758 942 1816 in
964 1757 1068 1818 uerbis
1090 1760 1241 1820 enuntiati

77 1859 273 1939 secundarii,
305 1861 465 1924 afficiatur.
514 1862 714 1922 Enuntiatum
744 1861 837 1939 igitur
864 1861 1064 1940 primarium,
1096 1860 1180 1940 quod
1209 1863 1241 1922 in
1334 1859 1337 1864 ’

78 1960 136 2022 ἰΙΙίε
159 1963 330 2044 exemplis,
364 1982 434 2025 cnm
459 1964 534 2024 nihil
557 1962 642 2024 aliud
671 1981 764 2042 quam
794 1962 878 2041 quod
907 1964 974 2043 ipsa
1003 1953 1239 2044 interrogatione

77 2067 263 2144 exprimitur
284 2067 479 2147 significaret,
506 2066 594 2127 facile
617 2067 714 2126 omitti
737 2076 769 2126 et
790 2066 985 2146 subintellegi
1008 2069 1116 2145 potuit,
1141 2069 1174 2128 in
1191 2067 1240 2130 his

78 2167 146 2228 ideo
170 2170 270 2230 omitti
293 2171 415 2249 nequit,
450 2171 522 2249 quia
552 2170 620 2231 eius
649 2169 703 2247 qui
732 2168 868 2247 loquitur
888 2170 1012 2249 propria
1035 2171 1189 2250 quaedam
1211 2181 1242 2232 et

77 2267 247 2349 singularis¹
267 2273 422 2334 sententia
450 2273 609 2333 enuntiato
637 2272 783 2348 primario
806 2266 1001 2352 exprimitur.
1042 2275 1140 2336 Huius
1163 2295 1241 2336 con-

78 2371 208 2436 dicionis
232 2384 306 2436 sunt

645 2478 672 2560 n

78 2598 113 2639 ea
143 2581 305 2641 enuntiata
321 2581 476 2660 primaria,
503 2583 535 2641 in
558 2581 674 2661 quibus
697 2580 800 2659 aliqua
823 2580 1026 2642 dubitationis
1050 2584 1132 2643 notio
1147 2584 1237 2663 inest,

79 2701 155 2742 num
180 2683 260 2743 alter
281 2684 485 2762 interrogatus
515 2685 714 2762 interroganti
738 2682 923 2762 respondere
948 2685 1038 2762 uelit,
1071 2703 1150 2763 quae
1177 2685 1242 2746 du-

79 2784 189 2846 bitatio
211 2787 256 2845 eis
278 2785 464 2848 dictionibus
487 2787 680 2866 exprimitur,
714 2805 793 2865 quae
823 2796 854 2846 et
881 2788 966 2865 ipsae
996 2789 1243 2866 interrogationis

79 2888 210 2952 [ormam
234 2888 360 2950 indutae
382 2891 519 2970 insignes
542 2898 615 2951 sunt

165 2991 195 3072 a)
222 2993 370 3070 particula
394 2994 483 3073 quin:
1103 3044 1112 3066 x

80 3101 171 3155 Plauti
186 3100 267 3156 Pers.
297 3102 354 3156 ιιι
384 3093 413 3176 (l,
444 3105 473 3169 3,
502 3092 578 3175 64)ι
612 3099 687 3167 Quin
709 3100 787 3167 dicis
816 3099 885 3170 quid
907 3101 1034 3172 facturus
1056 3102 1117 3156 sisi

190 3203 247 3256 nil.
270 3205 349 3258 rtet
378 3197 448 3278 (1111,
477 3205 505 3269 t,
534 3201 583 3277 48)
610 3201 684 3270 Quin
708 3209 737 3257 tu
759 3203 838 3269 dicis,
866 3202 935 3272 quid
957 3204 1083 3275 facturus
1105 3199 1207 3280 sima¹j

189 3306 265 3359 Men.
289 3309 347 3360 638
377 3299 447 3380 (1111,
476 3311 504 3372 2,
533 3301 580 3380 75)
609 3304 683 3373 Quin
706 3305 787 3373 dicis,
814 3305 882 3374 quid
906 3305 962 3360 sit‘?

190 3409 278 3462 Merc.
307 3411 364 3463 ιιι
395 3405 425 3483 (1,
454 3411 484 3475 2,
513 3402 562 3483 ιιι)
608 3407 681 3476 Quin
705 3415 735 3463 tu
757 3407 886 3476 expedis
914 3405 989 3474 Quid
1011 3410 1076 3475 siet,
1103 3411 1179 3480 qood
1200 3427 1243 3466 me

645 3528 698 3583 par
713 3509 809 3566 orbern
818 3527 930 3566 currens
941 3509 1094 3581 quaerebas
1103 3512 1185 3567 modo
1194 3511 1209 3566 t
1216 3507 1237 3587 ²)

149 3643 175 3703 t)
197 3641 405 3704 ambrosianae,
426 3655 508 3705 quem
526 3642 642 3703 Ritschl,
668 3645 698 3691 ut
716 3640 836 3700 uidetur,
862 3641 958 3690 iniuria
977 3645 1087 3692 secutus
1105 3647 1158 3704 est,
1184 3657 1243 3694 suna

78 3728 259 3778 indicatiuum
278 3726 397 3792 praebet,
418 3726 467 3778 sed
484 3728 608 3777 codicum
628 3727 690 3776 BCD
709 3728 884 3790 scripturam,
910 3727 955 3789 qui
974 3727 1175 3778 coniunctianm
1194 3742 1243 3778 cx-

79 3814 186 3874 hibent,
208 3813 413 3878 praeferendam
432 3826 492 3862 esse
510 3817 621 3878 apparet
638 3814 719 3863 etiam
738 3815 847 3876 propter
865 3823 905 3870 ce,
923 3824 994 3875 quae
1012 3825 1091 3876 supra
1112 3827 1171 3877 pag.
1193 3819 1241 3865 tto

80 3900 201 3964 exposita
221 3901 292 3949 sunt.
1023 3958 1028 3976 ,

149 3987 175 4044 2)
198 3985 324 4034 Ceterum
343 3997 440 4034 moneo
460 3985 485 4033 in
505 3983 637 4034 similibus
649 3983 828 4034 locutionibus
847 3983 918 4047 apud
930 3985 1084 4034 Terentium
1103 3990 1165 4048 quin
1179 4000 1243 4052 per-

80 4069 192 4120 ticulam
210 4073 365 4120 constanter
382 4083 445 4119 curn
463 4070 623 4134 imperatiuo
645 4069 723 4128 (coni.
743 4070 824 4119 Andr.
846 4072 888 4120 ta.
910 4073 958 4119 ιιι
977 4083 1036 4134 pag.
1054 4077 1123 4135 tat),
1148 4078 1242 4124 contra

81 4157 153 4221 apud
172 4156 297 4206 Plautum
314 4169 376 4205 raro
393 4167 456 4205 cum
475 4156 648 4221 impernttnn,
670 4156 754 4206 multo
777 4157 885 4219 saepius
910 4169 971 4205 cum
991 4157 1109 4206 secunda
1128 4172 1241 4221 persona

81 4242 223 4294 indicatiui
242 4242 391 4306 praesentis
409 4243 580 4292 coniunctam
599 4255 668 4291 esse.
