3126 5028
364 387 406 446 Dr
428 406 623 450 nrrnrcrrrrs
648 408 765 450 risonis
789 392 954 450 Ptrvrmrs.
1203 389 1243 450 87

101 552 279 634 ludewigius
294 558 310 632 ¹)
339 559 466 620 sustulit
494 577 542 620 33.
569 561 621 620 55.
649 562 699 621 56.
728 561 779 620 tto.
807 563 858 620 ott.
885 560 937 621 57.
964 561 1015 620 58.
1042 569 1111 639 post
1134 579 1181 621 us.
1206 561 1248 620 79
1343 565 1346 571 ’

100 657 324 735 transponendo.
365 662 408 722 lta
430 662 579 740 optimum
603 664 762 724 elimacem
784 663 1018 744 opprobriorum
1041 663 1160 723 restitui
1182 681 1249 742 pn-

99 767 146 836 tat,
169 777 239 824 curn
261 771 350 839 pater
370 763 505 842 primum
529 765 625 826 lilium
650 765 757 828 doceat
779 782 875 845 seque
896 765 1030 844 exempli
1054 767 1151 826 instar
1172 783 1249 844 pro—

98 859 197 939 ponat,
233 865 381 942 paulatim
411 869 507 948 magis
537 869 695 948 magisque
717 870 813 930 iratus
843 888 915 930 eum
938 887 1029 952 suum
1053 887 1122 928 ossa
1145 867 1244 948 neget,

98 962 222 1043 donique
244 966 368 1044 publice
390 968 527 1034 lidemci
549 970 663 1032 demat.
703 973 770 1044 Qua
787 973 817 1031 in
835 990 868 1033 re
891 973 948 1032 hoc
971 971 1135 1050 praecipua
1157 973 1248 1032 uitu-

96 1085 202 1144 perem,
228 1067 312 1147 quod
327 1090 375 1131 ns.
395 1071 435 1130 55
452 1081 484 1132 et
498 1073 539 1132 56
562 1076 667 1136 uersui
683 1075 724 1134 59
739 1073 926 1155 praeoedere
948 1074 1056 1150 uoluit,
1082 1082 1113 1133 et
1128 1083 1247 1152 patrem

97 1169 160 1230 talia
182 1171 345 1250 opprobria
368 1191 483 1234 summo
507 1176 638 1237 clamore
661 1176 771 1238 fecisse
793 1178 926 1256 putauit.

173 1273 273 1335 Vnum
296 1285 401 1356 restat,
428 1287 464 1338 ut
485 1279 511 1338 si
527 1298 588 1340 non
604 1280 744 1341 Plautum
762 1281 863 1360 ipsum
879 1288 983 1340 tanim
999 1278 1246 1356 interpolatorem

97 1393 317 1453 recuperamus.
359 1380 448 1440 Primi
471 1382 552 1442 enim
583 1383 675 1445 huius
706 1381 744 1443 de
775 1401 836 1462 quo
866 1381 965 1461 agitur
992 1381 1047 1442 loci
1076 1399 1189 1442 uersus
1215 1382 1247 1440 in

95 1476 242 1542 codicibus
264 1481 295 1541 hi
318 1481 382 1543 lore
404 1493 479 1545 sunt
506 1494 563 1556 lus,
591 1487 631 1545 to
654 1488 749 1565 sqq.):

215 1617 399 1699 Obidrt'pore
420 1623 510 1698 priter
532 1622 606 1682 laec
629 1629 726 1682 noctes
750 1625 778 1683 ct
799 1622 871 1695 dieo,

215 1719 385 1799 Perfidiam
406 1724 586 1784 iniustilr'dm
610 1725 748 1785 lenonum
770 1725 959 1802 expromere,

215 1825 366 1886 Lacerari
386 1823 490 1885 aalide
512 1827 599 1887 eadm
621 1846 696 1904 rem,
723 1827 802 1888 illius
826 1827 978 1906 ceodrier.

96 1959 266 2022 Secundum
292 1980 417 2023 uersum
442 1963 659 2043 interpolatum
683 1982 751 2024 esse
767 1963 911 2026 Daiatzlto
933 1961 1099 2038 contendit,
1126 1962 1197 2040 quia
1218 1963 1249 2021 in

94 2063 175 2124 tertio
196 2082 293 2124 uersu
316 2064 397 2126 illics
420 2065 607 2127 uocabulum
629 2085 727 2127 unum
751 2066 908 2142 lenonem,
942 2066 1032 2126 cuius
1061 2065 1093 2124 in
1116 2082 1248 2142 praece-

94 2163 234 2228 dentibus
250 2167 396 2228 uersibus
413 2169 527 2230 mentio
544 2167 605 2245 liat,
633 2169 788 2248 respiciat.
814 2166 877 2230 Sed
892 2187 961 2228 cum
986 2186 1046 2228 non
1063 2167 1247 2246 intellegam,

95 2285 144 2328 cur
164 2268 364 2348 interpolator
385 2268 423 2330 ad
454 2270 686 2335 similitudinem
710 2271 866 2332 Ciceronis
898 2269 986 2342 (conl.
1013 2290 1040 2330 e.
1066 2288 1094 2348 g.
1122 2270 1184 2333 Cic.
1211 2268 1249 2330 ad

95 2369 150 2432 Aa.
169 2372 193 2430 ll
212 2372 268 2448 t2;
288 2371 348 2433 llil.
371 2373 421 2454 ⁴3)
444 2391 623 2452 eoepromcre
642 2374 802 2456 perfidiam
823 2371 868 2454 (et)
889 2374 1068 2434 iniustitiam
1079 2390 1135 2452 pro
1151 2374 1251 2434 meina

95 2473 313 2553 Treulosigkeit
342 2475 408 2536 und
436 2476 702 2558 Ungereohtiglreit
735 2476 854 2554 raigeri«
888 2493 1039 2552 usurpare
1068 2474 1246 2554 nequeat²)‚

95 2593 148 2636 non
179 2575 305 2653 dubito,
339 2579 415 2656 quin
446 2577 508 2639 dno
537 2581 610 2641 uitia
642 2599 701 2641 una
734 2577 851 2639 medela
880 2576 1016 2638 sananda
1047 2579 1110 2638 sint
1138 2586 1169 2636 at
1195 2595 1250 2655 pro

94 2680 223 2740 lenonum
254 2698 392 2759 propono
423 2681 569 2759 lenonem,
603 2682 684 2762 quod
714 2679 846 2746 uerbum
876 2681 1021 2758 quoniam
1046 2681 1132 2740 metri
1156 2698 1247 2748 causa

94 2781 355 2861 transponendum
378 2795 435 2862 est,
461 2802 523 2844 non
546 2803 617 2846 cum
641 2773 808 2846 ninehelio'
824 2784 905 2846 inter
930 2783 1088 2862 perfidiam
1109 2789 1140 2841 et
1163 2783 1249 2841 tiriu-

93 2887 198 2947 3513333
221 2885 453 2965 collocauerim‚
482 2886 538 2948 sed
561 2906 631 2949 cum
655 2887 759 2950 Bothio
782 2888 814 2947 in
836 2886 921 2948 initio
944 2903 1066 2956 uersus,
1092 2883 1247 2962 siquidem

93 2989 120 3048 in
139 2988 263 3069 dactylo
286 2997 358 3050 ante
381 3007 540 3050 caesuram
563 2990 805 3068 penthemimere
824 2987 909 3068 apud
932 2987 1176 3067 interpolatorem
1192 2987 1250 3047 nix

94 3091 279 3155 haerendum
304 3100 368 3153 est:

216 3199 365 3258 lenonem
383 3196 543 3276 perfidiam
565 3196 743 3256 iniustitiam
765 3196 953 3274 expromere,

92 3325 124 3374 ut
142 3317 211 3377 leno
233 3319 292 3394 sit,
320 3317 373 3395 qui
391 3314 553 3393 perfidiam
575 3324 606 3375 et
627 3314 807 3377 iniustitiam
830 3321 991 3391 expromat
1013 3321 1043 3372 et
1065 3312 1149 3372 illius
1172 3328 1249 3371 uer-

93 3418 163 3480 bum
186 3421 217 3481 in
241 3427 393 3497 sequente
416 3435 511 3478 uersu
533 3418 593 3476 iam
616 3416 738 3491 babeat,
768 3435 830 3495 qno
859 3414 1027 3490 releratur3
1062 3414 1118 3473 boc
1146 3422 1249 3473 autem

94 3522 220 3584 uerbum
253 3521 344 3582 metri
372 3539 464 3584 causa
495 3518 679 3583 mutandum
708 3537 768 3579 oon
800 3537 869 3580 esse
892 3537 941 3577 me
966 3516 1070 3580 docuit
1091 3513 1249 3594 Angustus

94 3626 246 3687 luchsius.
291 3621 407 3696 Quodsi
430 3641 530 3684 meam
561 3623 767 3684 coniecturam
797 3619 995 3699 probaueris‚
1026 3633 1110 3696 quae·
1138 3633 1248 3678 causae

94 3728 289 3790 llitschelium
318 3736 569 3803 commonerent,
606 3735 641 3787 ut
669 3743 716 3786 us.
751 3724 803 3785 50.
835 3723 870 3781 ot
905 3731 937 3783 et
966 3721 1106 3782 47-49
1142 3728 1250 3780 trans-

92 3843 230 3909 poneret,
264 3850 321 3892 eae
351 3829 492 3891 sublatae
522 3837 596 3890 sunt
624 3839 656 3889 et
685 3825 854 3890 lenioribus
884 3821 1107 3886 mutationibus
1130 3831 1249 3884 textum

157 4091 180 4151 t)
201 4087 332 4148 l’bilolcg.
354 4087 423 4137 llllll
441 4099 467 4152 p.
489 4089 538 4136 tto
558 4097 597 4148 sq.

156 4177 179 4238 t)
201 4173 240 4225 Cl.
263 4175 347 4225 etiam
366 4175 491 4225 Dziatzlo
509 4173 525 4222 l.
548 4172 564 4221 l.
586 4186 645 4237 pag.
667 4174 715 4222 tto
734 4185 774 4238 sq.
