3086 5024
315 356 376 416 212
739 357 893 416 Enmnnvs
918 360 1043 418 Bucam.

314 526 530 604 adhibeantur,
545 535 580 586 ut
595 529 715 604 ipsam
733 545 820 606 rem,
837 547 917 606 quae
929 529 1079 588 enuntiati
1096 527 1269 588 secundarii
1281 528 1380 592 uerbis
1390 549 1451 590 oon-

313 630 440 706 tinetur,
466 637 520 690 aut
542 647 575 689 re
597 647 670 691 uera
687 632 856 708 comperiat
870 631 983 711 aliquis
1006 641 1060 692 aut
1081 631 1162 692 uelle
1189 649 1222 690 se
1238 633 1397 709 comperire
1410 635 1452 692 in-

314 723 404 808 dicet,
424 730 480 792 sed
496 733 547 810 ita,
567 740 602 791 ut
615 732 781 812 aliquid,
804 732 906 813 quod
922 732 1067 812 adrem,
1087 752 1168 812 quae
1184 734 1340 794 enuntiato
1354 753 1452 796 secun-

314 835 398 897 dario
413 835 605 914 exprimitur,
631 837 814 912 pertinet,
840 847 894 897 aut
916 835 1130 916 praedicemus
1146 847 1201 897 aut
1215 836 1392 898 edoceamur
1410 849 1453 899 aut

312 940 407 1000 alium
430 937 586 1018 quendam
609 937 708 999 iacere
730 938 905 1018 iubeamus,
932 949 1023 1018 prout
1038 925 1233 1002 enuntiatum
1255 940 1452 1002 secundarium

313 1051 367 1103 aut
381 1061 420 1102 ex
443 1042 768 1122 pronuntiatione
791 1050 899 1102 auten
922 1043 1238 1122 interrogatione
1261 1053 1314 1105 aut
1333 1065 1370 1105 ex
1390 1047 1452 1105 im-

312 1144 497 1223 peratiuo
519 1143 645 1222 pendet.
685 1124 791 1225 itaque
813 1164 883 1206 cum
906 1143 983 1206 haec
1004 1148 1161 1207 enuntiata
1189 1148 1321 1226 speciem
1343 1147 1453 1226 quidem

313 1248 584 1326 interrogationum
600 1247 778 1327 praebeant,
798 1267 926 1310 munere
942 1267 1003 1310 non
1020 1249 1198 1328 iungantur,
1223 1250 1453 1328 interrogationes

313 1369 397 1411 »nou
412 1353 599 1430 propriae«
612 1351 759 1431 appellari
771 1360 911 1430 possunt.
939 1349 1040 1431 Atque
1055 1361 1182 1432 propter
1193 1353 1271 1412 banc
1281 1353 1373 1431 ipsam
1388 1372 1454 1413 cau-

312 1473 378 1515 sam
394 1455 485 1514 etiam
498 1453 777 1514 Weissenborn
793 1454 841 1515 bis
856 1456 1024 1516 enuntiatis
1036 1456 1306 1534 interrogationum
1322 1455 1452 1534 obliqua-

312 1575 380 1616 rum
394 1575 506 1617 nomeu
518 1556 759 1618 abiudicandum
771 1577 840 1618 esse
853 1557 1010 1641 contendit
1021 1557 1126 1618 uerbis
1139 1559 1202 1619 his:
1222 1561 1308 1620 »Mrm
1324 1558 1373 1618 bot
1388 1558 1453 1618 erret

311 1660 390 1721 diere
413 1660 623 1722 obiettssoetze
646 1658 791 1722 t'odireicte
812 1661 923 1742 frop-eo
945 1668 1086 1740 peccunt,
1113 1660 1187 1721 aber
1202 1661 1245 1721 sie
1260 1660 1387 1722 koeooen
1404 1680 1455 1721 nor

310 1763 509 1843 uneipeotb‘cb
528 1762 626 1823 diesen
649 1782 758 1823 nomeu
776 1763 888 1839 buben,
914 1763 955 1823 do
977 1765 1008 1823 iu
1031 1763 1187 1824 deuselbee
1207 1765 1365 1843 peruicit
1387 1783 1454 1824 ous-

311 1874 414 1948 9eso9t
436 1865 534 1941 werd,
561 1867 631 1926 dass
653 1884 724 1926 mun
747 1873 843 1927 etwas
864 1868 992 1942 missen,
1024 1865 1153 1926 condere
1175 1867 1245 1928 dass
1268 1886 1337 1928 mon
1357 1875 1451 1944 etwas,

310 1988 376 2030 was
391 1985 463 2030 mou
478 1967 672 2030 wobroebme
694 1968 765 2029 oder
787 1969 869 2044 rede,
896 1967 1058 2047 zwet'felod
1080 1969 1239 2030 dorstetleo
1262 1971 1373 2032 molle«.
1404 1971 1454 2029 Nec

310 2091 373 2132 non
397 2072 472 2132 baec
490 2071 553 2132 duo
568 2072 839 2151 interrogationum
855 2089 966 2152 genera
982 2071 1124 2133 distinxit
1139 2071 1368 2151 Groteicnd,
1394 2091 1453 2132 cum

310 2174 432 2235 doceret
441 2175 475 2254 ¹):
502 2175 574 2234 »Eia
599 2175 761 2236 r'ndt'relrter
781 2178 922 2256 fropsotz
945 2173 1025 2235 bono
1053 2176 1154 2236 stetten
1175 2177 1256 2237 norb
1278 2175 1451 2250 denverois,

310 2279 418 2340 welche
447 2278 575 2350 seben,
616 2277 776 2350 boeren,
815 2276 993 2357 strehlen,
1032 2278 1272 2353 vermutheo,
1309 2278 1452 2354 denica,

309 2381 503 2458 einsebeo,
530 2382 682 2458 missen,
710 2381 852 2454 lernen,
879 2398 1007 2461 sapen,
1034 2380 1342 2456 tetrachordorum
1365 2380 1455 2462 semer

308 2483 387 2544 oocb
410 2484 487 2544 nocb
510 2483 565 2544 deo
588 2484 801 2545 redeosorteo:
831 2501 866 2544 es
897 2483 947 2543 ist
973 2485 1128 2563 yetot'ss,
1163 2485 1371 2563 unpewiss,
1397 2483 1454 2543 be-

308 2585 496 2663 decutiet,
523 2585 697 2660 bekannt,
723 2585 1026 2666 unbeqrer'slt'cb,
1047 2586 1293 2662 munderbor,
1312 2587 1454 2665 wicbtiq

307 2690 370 2750 ond
399 2689 565 2749 dielichen.
608 2691 679 2748 Eme
708 2689 941 2769 ez'peotlictre
970 2689 1114 2750 todiredte
1142 2691 1232 2770 scope
1265 2691 1338 2751 steht
1358 2690 1454 2769 jedoct

306 2811 366 2852 our
396 2792 473 2852 noch
505 2791 562 2850 den
592 2791 708 2869 verbis,
740 2792 849 2853 welche
878 2791 1022 2872 freyen
1050 2792 1220 2853 dedentem«
1266 2792 1451 2872 Idemque²):

306 2897 377 2954 »Eia
400 2913 436 2955 so
444 2903 662 2975 penduntor
692 2893 856 2955 r'ndt'relcter
882 2895 1022 2976 sroqsotz
1044 2895 1172 2957 eetboelt
1192 2896 1278 2956 emen
1299 2897 1451 2976 pedooieo,

308 2999 339 3056 in
362 2997 503 3057 melchom
526 2997 632 3077 irpend
653 2999 717 3057 eine
733 2997 914 3078 vorstellunp
929 2997 1119 3058 oooeso'mmt
1132 2999 1267 3079 pelessae
1289 3001 1351 3060 ond
1372 2997 1455 3059 daher

307 3101 403 3160 durch
425 3101 472 3159 em
492 3118 657 3178 pronomen
679 3101 863 3181 indefinitum
893 3102 965 3162 oder
994 3102 1041 3162 et'o
1070 3102 1294 3164 oobestr'mmtes
1315 3103 1455 3182 prono-mi-

304 3201 471 3262 nolodoerb
494 3203 670 3282 cupedeutet
692 3205 739 3264 ist.
781 3205 838 3263 Eia
860 3203 1002 3284 eiyeotl
1009 3205 1021 3263 i
1027 3205 1116 3266 citer
1138 3203 1303 3266 indireloter
1325 3203 1454 3284 sropsotz

305 3306 345 3366 ist
367 3308 414 3365 eto
436 3305 551 3366 solcber
573 3313 640 3366 sotz
663 3314 726 3367 eret
747 3306 839 3378 donn,
866 3326 954 3366 meon
976 3307 1055 3367 noch
1079 3307 1134 3368 der
1148 3306 1373 3369 oobestt'mmteo
1387 3325 1454 3367 cor-

304 3408 430 3488 stelluoy
461 3407 643 3468 mt'rlclt'eb
665 3405 826 3489 pessum
856 3411 977 3470 toireio.
1019 3409 1053 3471 ld
1075 3419 1179 3472 tamen
1213 3409 1382 3471 tenendum
1403 3419 1451 3486 est,

303 3509 448 3590 quamuis
472 3510 546 3570 baec
566 3509 629 3570 duo
645 3512 914 3590 interrogationum
931 3531 1042 3592 genera
1059 3512 1261 3574 discernenda
1280 3533 1348 3575 esse
1363 3531 1454 3593 appa-

304 3623 378 3690 reat,
410 3615 501 3673 etiam
526 3614 556 3672 in
585 3614 875 3688 interrogationibus
905 3615 1049 3694 obliquis,
1081 3636 1162 3695 quae
1192 3617 1346 3694 dicuntur,
1378 3634 1454 3676 »non

303 3716 483 3796 propriis«
502 3735 608 3777 ueram
621 3718 889 3796 interrogationem
905 3728 959 3778 aut
976 3719 1108 3780 subesse
1123 3729 1177 3780 aut
1193 3720 1347 3800 loquentis
1363 3722 1454 3781 animo

305 3869 511 3880 ——-.—..

373 3974 396 4033 t)
418 3976 443 4022 in
464 3974 523 4022 libri
542 3974 758 4025 »Ausiuebrticbe
785 3979 945 4040 grammatik
964 3979 1013 4028 der
1038 3979 1082 4028 lat.
1105 3980 1230 4044 spraebe«
1254 3978 1376 4032 Hannov.
1398 3981 1452 4029 ⁴8³⁰

302 4063 370 4122 part.
392 4060 414 4106 ΙΙ
434 4073 491 4122 pag.
513 4065 572 4110 220.

372 4148 394 4204 2)
418 4145 434 4193 l.
457 4146 473 4194 Ι.
494 4158 554 4208 pag.
576 4150 633 4196 tta.
