<?xml version="1.0" encoding="UTF-8"?>
<!DOCTYPE html PUBLIC "-//W3C//DTD XHTML 1.0 Transitional//EN"
    "http://www.w3.org/TR/xhtml1/DTD/xhtml1-transitional.dtd">
<html xmlns="http://www.w3.org/1999/xhtml" xml:lang="en" lang="en">
 <head>
  <title>
</title>
<meta http-equiv="Content-Type" content="text/html;charset=utf-8" />
  <meta name='ocr-system' content='tesseract 3.04.00' />
  <meta name='ocr-capabilities' content='ocr_page ocr_carea ocr_par ocr_line ocrx_word'/>
</head>
<body>
  <div class='ocr_page' id='page_1' title='image "./studiainpriscos00studgoog_0213.png"; bbox 0 0 3086 5024; ppageno 0'>
   <div class='ocr_carea' id='block_1_1' title="bbox 295 390 1021 453">
    <p class='ocr_par' dir='ltr' id='par_1_1' title="bbox 295 390 1021 453">
     <span class='ocr_line' id='line_1_1' title="bbox 295 390 1021 453; baseline -0.004 -1"><span class='ocrx_word' id='word_1_1' title='bbox 295 391 355 453; x_wconf 81' lang='lat'>198</span> <span class='ocrx_word' id='word_1_2' title='bbox 717 390 872 452; x_wconf 72' lang='lat' dir='ltr'>limacis</span> <span class='ocrx_word' id='word_1_3' title='bbox 894 393 1021 451; x_wconf 79' lang='lat' dir='ltr'>Bscm.</span> 
     </span>
    </p>
   </div>
   <div class='ocr_carea' id='block_1_2' title="bbox 293 559 1449 1462">
    <p class='ocr_par' dir='ltr' id='par_1_2' title="bbox 293 559 1449 1462">
     <span class='ocr_line' id='line_1_2' title="bbox 293 559 1445 643; baseline -0.003 -19"><span class='ocrx_word' id='word_1_4' title='bbox 293 569 333 625; x_wconf 91' lang='lat' dir='ltr'>Pl.</span> <span class='ocrx_word' id='word_1_5' title='bbox 358 568 423 624; x_wconf 79' lang='lat' dir='ltr'>Cas.</span> <span class='ocrx_word' id='word_1_6' title='bbox 450 570 485 637; x_wconf 92' lang='lat' dir='ltr'>ll,</span> <span class='ocrx_word' id='word_1_7' title='bbox 513 571 542 636; x_wconf 83' lang='lat'>3,</span> <span class='ocrx_word' id='word_1_8' title='bbox 570 571 609 622; x_wconf 77' lang='grc'>36</span> <span class='ocrx_word' id='word_1_9' title='bbox 638 559 719 643; x_wconf 76' lang='grc' dir='ltr'><strong>(ΠΙ)</strong></span> <span class='ocrx_word' id='word_1_10' title='bbox 872 568 955 624; x_wconf 80' lang='lat' dir='ltr'>Nunc</span> <span class='ocrx_word' id='word_1_11' title='bbox 971 567 1164 637; x_wconf 79' lang='lat' dir='ltr'>experiemur,</span> <span class='ocrx_word' id='word_1_12' title='bbox 1191 573 1320 623; x_wconf 75' lang='lat' dir='ltr'>uestrum</span> <span class='ocrx_word' id='word_1_13' title='bbox 1336 567 1445 620; x_wconf 80' lang='lat' dir='ltr'>utcrsit</span> 
     </span>
     <span class='ocr_line' id='line_1_3' title="bbox 657 651 1059 754; baseline 0 -28"><span class='ocrx_word' id='word_1_14' title='bbox 657 737 668 754; x_wconf 61' lang='lat'><strong><em>„</em></strong></span> <span class='ocrx_word' id='word_1_15' title='bbox 918 651 1059 726; x_wconf 80' lang='lat' dir='ltr'>blandior.</span> 
     </span>
     <span class='ocr_line' id='line_1_4' title="bbox 294 767 1447 850; baseline -0.005 -18"><span class='ocrx_word' id='word_1_16' title='bbox 294 775 402 832; x_wconf 86' lang='lat' dir='ltr'>Ennius</span> <span class='ocrx_word' id='word_1_17' title='bbox 427 767 555 850; x_wconf 70' lang='lat' dir='ltr'>(Vahlen.</span> <span class='ocrx_word' id='word_1_18' title='bbox 581 789 612 843; x_wconf 82' lang='lat' dir='ltr'>p.</span> <span class='ocrx_word' id='word_1_19' title='bbox 639 776 691 842; x_wconf 72' lang='lat'>32,</span> <span class='ocrx_word' id='word_1_20' title='bbox 719 772 790 846; x_wconf 73' lang='lat'><strong>203)</strong></span> <span class='ocrx_word' id='word_1_21' title='bbox 878 774 970 829; x_wconf 80' lang='lat' dir='ltr'><strong><em>Vosne</em></strong></span> <span class='ocrx_word' id='word_1_22' title='bbox 1001 773 1070 828; x_wconf 85' lang='lat' dir='ltr'>uelit</span> <span class='ocrx_word' id='word_1_23' title='bbox 1099 790 1138 828; x_wconf 81' lang='lat' dir='ltr'>cn</span> <span class='ocrx_word' id='word_1_24' title='bbox 1168 789 1211 828; x_wconf 87' lang='lat' dir='ltr'>mc</span> <span class='ocrx_word' id='word_1_25' title='bbox 1240 788 1375 844; x_wconf 70' lang='lat' dir='ltr'>recucrc,</span> <span class='ocrx_word' id='word_1_26' title='bbox 1405 787 1447 826; x_wconf 83' lang='lat' dir='ltr'>erc</span> 
     </span>
     <span class='ocr_line' id='line_1_5' title="bbox 919 875 1223 946; baseline 0 -16"><span class='ocrx_word' id='word_1_27' title='bbox 919 876 1025 946; x_wconf 78' lang='lat' dir='ltr'>quidue</span> <span class='ocrx_word' id='word_1_28' title='bbox 1047 876 1121 930; x_wconf 82' lang='lat' dir='ltr'>ierat</span> <span class='ocrx_word' id='word_1_29' title='bbox 1142 875 1223 944; x_wconf 79' lang='lat' dir='ltr'>Fors,</span> 
     </span>
     <span class='ocr_line' id='line_1_6' title="bbox 882 980 1202 1048; baseline -0.003 -14"><span class='ocrx_word' id='word_1_30' title='bbox 882 981 987 1034; x_wconf 84' lang='lat' dir='ltr'>Virtute</span> <span class='ocrx_word' id='word_1_31' title='bbox 1009 980 1202 1048; x_wconf 82' lang='lat' dir='ltr'><strong>experiamur.</strong></span> 
     </span>
     <span class='ocr_line' id='line_1_7' title="bbox 295 1075 1449 1156; baseline -0.003 -18"><span class='ocrx_word' id='word_1_32' title='bbox 295 1083 336 1140; x_wconf 88' lang='lat' dir='ltr'>Pl.</span> <span class='ocrx_word' id='word_1_33' title='bbox 361 1083 443 1138; x_wconf 84' lang='lat' dir='ltr'>Most.</span> <span class='ocrx_word' id='word_1_34' title='bbox 471 1085 529 1139; x_wconf 77' lang='lat'>237</span> <span class='ocrx_word' id='word_1_35' title='bbox 558 1075 592 1156; x_wconf 75' lang='lat' dir='ltr'>(l,</span> <span class='ocrx_word' id='word_1_36' title='bbox 621 1086 649 1150; x_wconf 88' lang='lat'>3,</span> <span class='ocrx_word' id='word_1_37' title='bbox 679 1077 726 1156; x_wconf 87' lang='lat'>80)</span> <span class='ocrx_word' id='word_1_38' title='bbox 878 1085 910 1136; x_wconf 83' lang='lat' dir='ltr'>lu</span> <span class='ocrx_word' id='word_1_39' title='bbox 934 1089 959 1138; x_wconf 83' lang='lat' dir='ltr'>tc</span> <span class='ocrx_word' id='word_1_40' title='bbox 982 1083 1074 1138; x_wconf 76' lang='lat' dir='ltr'>bercto</span> <span class='ocrx_word' id='word_1_41' title='bbox 1096 1089 1227 1138; x_wconf 74' lang='lat' dir='ltr'>certumst</span> <span class='ocrx_word' id='word_1_42' title='bbox 1254 1083 1394 1154; x_wconf 73' lang='lat' dir='ltr'>principe,</span> <span class='ocrx_word' id='word_1_43' title='bbox 1422 1089 1449 1136; x_wconf 90' lang='lat' dir='ltr'>ut</span> 
     </span>
     <span class='ocr_line' id='line_1_8' title="bbox 921 1185 1271 1258; baseline 0.003 -19"><span class='ocrx_word' id='word_1_44' title='bbox 921 1185 975 1240; x_wconf 92' lang='lat' dir='ltr'>sim</span> <span class='ocrx_word' id='word_1_45' title='bbox 994 1203 1112 1258; x_wconf 81' lang='lat' dir='ltr'>parcus,</span> <span class='ocrx_word' id='word_1_46' title='bbox 1136 1187 1271 1255; x_wconf 81' lang='lat' dir='ltr'>experiri.</span> 
     </span>
     <span class='ocr_line' id='line_1_9' title="bbox 360 1280 1449 1363; baseline -0.004 -17"><span class='ocrx_word' id='word_1_47' title='bbox 360 1290 447 1346; x_wconf 79' lang='lat' dir='ltr'>llere.</span> <span class='ocrx_word' id='word_1_48' title='bbox 476 1291 536 1344; x_wconf 83' lang='grc'>935</span> <span class='ocrx_word' id='word_1_49' title='bbox 565 1280 608 1363; x_wconf 84' lang='lat' dir='ltr'>(V,</span> <span class='ocrx_word' id='word_1_50' title='bbox 636 1292 665 1356; x_wconf 81' lang='lat'>2,</span> <span class='ocrx_word' id='word_1_51' title='bbox 692 1282 742 1363; x_wconf 74' lang='lat' dir='ltr'>st)</span> <span class='ocrx_word' id='word_1_52' title='bbox 878 1289 991 1344; x_wconf 80' lang='lat' dir='ltr'>Certum</span> <span class='ocrx_word' id='word_1_53' title='bbox 1005 1289 1141 1360; x_wconf 63' lang='lat' dir='ltr'>esequist</span> <span class='ocrx_word' id='word_1_54' title='bbox 1163 1288 1286 1360; x_wconf 79' lang='lat' dir='ltr'><strong><em>Operam</em></strong></span> <span class='ocrx_word' id='word_1_55' title='bbox 1300 1297 1332 1344; x_wconf 84' lang='lat' dir='ltr'>ut</span> <span class='ocrx_word' id='word_1_56' title='bbox 1347 1305 1449 1343; x_wconf 84' lang='lat' dir='ltr'>sumum</span> 
     </span>
     <span class='ocr_line' id='line_1_10' title="bbox 923 1389 1448 1462; baseline 0 -18"><span class='ocrx_word' id='word_1_57' title='bbox 923 1391 961 1445; x_wconf 82' lang='lat' dir='ltr'>cd</span> <span class='ocrx_word' id='word_1_58' title='bbox 971 1392 1236 1462; x_wconf 83' lang='lat' dir='ltr'>perucstigandum,</span> <span class='ocrx_word' id='word_1_59' title='bbox 1252 1389 1302 1446; x_wconf 91' lang='lat' dir='ltr'>uhi</span> <span class='ocrx_word' id='word_1_60' title='bbox 1313 1391 1351 1446; x_wconf 90' lang='lat' dir='ltr'>sit</span> <span class='ocrx_word' id='word_1_61' title='bbox 1362 1391 1448 1446; x_wconf 84' lang='lat' dir='ltr'>illccc.</span> 
     </span>
    </p>
   </div>
   <div class='ocr_carea' id='block_1_3' title="bbox 362 1503 1454 1876">
    <p class='ocr_par' dir='ltr' id='par_1_3' title="bbox 362 1503 1451 1668">
     <span class='ocr_line' id='line_1_11' title="bbox 362 1503 1451 1584; baseline -0.001 -20"><span class='ocrx_word' id='word_1_62' title='bbox 362 1511 466 1566; x_wconf 84' lang='lat' dir='ltr'><strong>Pseud.</strong></span> <span class='ocrx_word' id='word_1_63' title='bbox 495 1513 531 1564; x_wconf 80' lang='lat'>73</span> <span class='ocrx_word' id='word_1_64' title='bbox 562 1503 594 1584; x_wconf 91' lang='lat' dir='ltr'>(l,</span> <span class='ocrx_word' id='word_1_65' title='bbox 625 1513 651 1578; x_wconf 94' lang='grc' dir='ltr'>Ι,</span> <span class='ocrx_word' id='word_1_66' title='bbox 680 1509 730 1582; x_wconf 77' lang='grc'>71)</span> <span class='ocrx_word' id='word_1_67' title='bbox 779 1510 859 1566; x_wconf 80' lang='lat' dir='ltr'>Nunc</span> <span class='ocrx_word' id='word_1_68' title='bbox 881 1526 931 1580; x_wconf 67' lang='lat' dir='ltr'>ecc</span> <span class='ocrx_word' id='word_1_69' title='bbox 953 1515 982 1564; x_wconf 91' lang='lat' dir='ltr'>tc</span> <span class='ocrx_word' id='word_1_70' title='bbox 1005 1513 1147 1580; x_wconf 82' lang='lat' dir='ltr'>experiar,</span> <span class='ocrx_word' id='word_1_71' title='bbox 1180 1512 1250 1581; x_wconf 89' lang='lat' dir='ltr'>quid</span> <span class='ocrx_word' id='word_1_72' title='bbox 1272 1526 1363 1577; x_wconf 79' lang='lat' dir='ltr'>amcS,</span> <span class='ocrx_word' id='word_1_73' title='bbox 1388 1510 1451 1580; x_wconf 89' lang='lat' dir='ltr'>quid</span> 
     </span>
     <span class='ocr_line' id='line_1_12' title="bbox 836 1613 965 1668; baseline -0.008 0"><span class='ocrx_word' id='word_1_74' title='bbox 836 1613 965 1668; x_wconf 83' lang='lat' dir='ltr'><strong>simules.</strong></span> 
     </span>
    </p>

    <p class='ocr_par' dir='ltr' id='par_1_4' title="bbox 362 1709 1454 1876">
     <span class='ocr_line' id='line_1_13' title="bbox 362 1709 1454 1791; baseline -0.001 -20"><span class='ocrx_word' id='word_1_75' title='bbox 362 1715 466 1786; x_wconf 75' lang='lat' dir='ltr'>Amph,</span> <span class='ocrx_word' id='word_1_76' title='bbox 495 1719 553 1772; x_wconf 82' lang='lat'>508</span> <span class='ocrx_word' id='word_1_77' title='bbox 584 1711 616 1788; x_wconf 74' lang='lat' dir='ltr'>ll,</span> <span class='ocrx_word' id='word_1_78' title='bbox 643 1719 673 1783; x_wconf 83' lang='lat'>3,</span> <span class='ocrx_word' id='word_1_79' title='bbox 704 1709 750 1791; x_wconf 79' lang='lat' dir='ltr'>lu]</span> <span class='ocrx_word' id='word_1_80' title='bbox 778 1715 896 1774; x_wconf 75' lang='lat' dir='ltr'>Ecastor</span> <span class='ocrx_word' id='word_1_81' title='bbox 911 1721 940 1770; x_wconf 89' lang='lat' dir='ltr'>tc</span> <span class='ocrx_word' id='word_1_82' title='bbox 955 1719 1099 1789; x_wconf 81' lang='lat' dir='ltr'>experior,</span> <span class='ocrx_word' id='word_1_83' title='bbox 1118 1718 1217 1787; x_wconf 89' lang='lat' dir='ltr'>quanti</span> <span class='ocrx_word' id='word_1_84' title='bbox 1233 1716 1320 1771; x_wconf 85' lang='lat' dir='ltr'>iacias</span> <span class='ocrx_word' id='word_1_85' title='bbox 1343 1731 1454 1772; x_wconf 80' lang='lat' dir='ltr'>umorem</span> 
     </span>
     <span class='ocr_line' id='line_1_14' title="bbox 839 1826 927 1876; baseline -0.023 -2"><span class='ocrx_word' id='word_1_86' title='bbox 839 1826 927 1876; x_wconf 80' lang='lat' dir='ltr'>tuam.</span> 
     </span>
    </p>
   </div>
   <div class='ocr_carea' id='block_1_4' title="bbox 298 1967 1388 2273">
    <p class='ocr_par' dir='ltr' id='par_1_5' title="bbox 298 1967 1388 2273">
     <span class='ocr_line' id='line_1_15' title="bbox 863 1967 892 2048; baseline 0 0"><span class='ocrx_word' id='word_1_87' title='bbox 863 1967 892 2048; x_wconf 81' lang='lat' dir='ltr'>l)</span> 
     </span>
     <span class='ocr_line' id='line_1_16' title="bbox 383 2067 1192 2167; baseline -0.004 -18"><span class='ocrx_word' id='word_1_88' title='bbox 383 2089 579 2166; x_wconf 77' lang='lat' dir='ltr'>interrogatio</span> <span class='ocrx_word' id='word_1_89' title='bbox 601 2087 716 2167; x_wconf 86' lang='lat' dir='ltr'>pendet</span> <span class='ocrx_word' id='word_1_90' title='bbox 738 2107 776 2149; x_wconf 84' lang='lat' dir='ltr'>cx</span> <span class='ocrx_word' id='word_1_91' title='bbox 799 2085 896 2148; x_wconf 81' lang='lat' dir='ltr'>uerbo</span> <span class='ocrx_word' id='word_1_92' title='bbox 919 2067 1192 2149; x_wconf 79' lang='lat' dir='ltr'>auscultandi:</span> 
     </span>
     <span class='ocr_line' id='line_1_17' title="bbox 298 2189 1388 2273; baseline -0.004 -21"><span class='ocrx_word' id='word_1_93' title='bbox 298 2199 338 2252; x_wconf 88' lang='lat' dir='ltr'>Pl.</span> <span class='ocrx_word' id='word_1_94' title='bbox 364 2199 452 2252; x_wconf 85' lang='lat' dir='ltr'>Pceu.</span> <span class='ocrx_word' id='word_1_95' title='bbox 479 2198 539 2264; x_wconf 88' lang='lat' dir='ltr'>llll,</span> <span class='ocrx_word' id='word_1_96' title='bbox 570 2200 597 2264; x_wconf 87' lang='lat' dir='ltr'>t,</span> <span class='ocrx_word' id='word_1_97' title='bbox 626 2201 642 2251; x_wconf 89' lang='grc'><strong>6</strong></span> <span class='ocrx_word' id='word_1_98' title='bbox 671 2189 754 2273; x_wconf 70' lang='lat' dir='ltr'>(stu)</span> <span class='ocrx_word' id='word_1_99' title='bbox 805 2193 880 2264; x_wconf 85' lang='lat' dir='ltr'><strong>Quid</strong></span> <span class='ocrx_word' id='word_1_100' title='bbox 902 2194 1008 2251; x_wconf 88' lang='lat' dir='ltr'>habeat</span> <span class='ocrx_word' id='word_1_101' title='bbox 1030 2197 1179 2264; x_wconf 78' lang='lat' dir='ltr'>sermonis,</span> <span class='ocrx_word' id='word_1_102' title='bbox 1206 2193 1388 2251; x_wconf 77' lang='lat' dir='ltr'>auscultabo,</span> 
     </span>
    </p>
   </div>
   <div class='ocr_carea' id='block_1_5' title="bbox 363 2292 1387 2478">
    <p class='ocr_par' dir='ltr' id='par_1_6' title="bbox 363 2292 1387 2478">
     <span class='ocr_line' id='line_1_18' title="bbox 363 2292 1387 2375; baseline -0.003 -20"><span class='ocrx_word' id='word_1_103' title='bbox 363 2300 466 2355; x_wconf 82' lang='lat' dir='ltr'>Bacch.</span> <span class='ocrx_word' id='word_1_104' title='bbox 496 2303 554 2356; x_wconf 78' lang='lat' dir='ltr'>tut</span> <span class='ocrx_word' id='word_1_105' title='bbox 584 2296 641 2370; x_wconf 87' lang='lat' dir='ltr'>(lll,</span> <span class='ocrx_word' id='word_1_106' title='bbox 668 2302 699 2368; x_wconf 73' lang='grc' dir='ltr'>Ξ,</span> <span class='ocrx_word' id='word_1_107' title='bbox 728 2292 777 2375; x_wconf 73' lang='lat'>20)</span> <span class='ocrx_word' id='word_1_108' title='bbox 805 2298 869 2353; x_wconf 75' lang='lat' dir='ltr'>hinc</span> <span class='ocrx_word' id='word_1_109' title='bbox 892 2298 1073 2367; x_wconf 78' lang='lat' dir='ltr'>auscultabo,</span> <span class='ocrx_word' id='word_1_110' title='bbox 1099 2315 1187 2369; x_wconf 86' lang='lat' dir='ltr'>quam</span> <span class='ocrx_word' id='word_1_111' title='bbox 1209 2316 1269 2354; x_wconf 78' lang='lat' dir='ltr'>rem</span> <span class='ocrx_word' id='word_1_112' title='bbox 1291 2303 1387 2368; x_wconf 83' lang='lat' dir='ltr'>agant.</span> 
     </span>
     <span class='ocr_line' id='line_1_19' title="bbox 364 2395 1299 2478; baseline -0.005 -18"><span class='ocrx_word' id='word_1_113' title='bbox 364 2405 449 2460; x_wconf 88' lang='lat' dir='ltr'>Curc.</span> <span class='ocrx_word' id='word_1_114' title='bbox 478 2406 536 2458; x_wconf 77' lang='lat'>279</span> <span class='ocrx_word' id='word_1_115' title='bbox 567 2399 611 2471; x_wconf 80' lang='lat' dir='ltr'>ill,</span> <span class='ocrx_word' id='word_1_116' title='bbox 640 2409 668 2470; x_wconf 73' lang='lat'>²,</span> <span class='ocrx_word' id='word_1_117' title='bbox 695 2395 745 2478; x_wconf 73' lang='lat'>29)</span> <span class='ocrx_word' id='word_1_118' title='bbox 805 2402 878 2457; x_wconf 82' lang='lat' dir='ltr'>Hinc</span> <span class='ocrx_word' id='word_1_119' title='bbox 900 2403 1106 2470; x_wconf 77' lang='lat' dir='ltr'>auscultemus,</span> <span class='ocrx_word' id='word_1_120' title='bbox 1133 2402 1203 2472; x_wconf 87' lang='lat' dir='ltr'>quid</span> <span class='ocrx_word' id='word_1_121' title='bbox 1226 2407 1299 2472; x_wconf 81' lang='lat' dir='ltr'>agat.</span> 
     </span>
    </p>
   </div>
   <div class='ocr_carea' id='block_1_6' title="bbox 365 2503 1458 2664">
    <p class='ocr_par' dir='ltr' id='par_1_7' title="bbox 365 2503 1458 2664">
     <span class='ocr_line' id='line_1_20' title="bbox 365 2503 1458 2577; baseline -0.004 -15"><span class='ocrx_word' id='word_1_122' title='bbox 365 2507 422 2562; x_wconf 87' lang='lat' dir='ltr'>lllil.</span> <span class='ocrx_word' id='word_1_123' title='bbox 450 2509 508 2563; x_wconf 82' lang='grc'>993</span> <span class='ocrx_word' id='word_1_124' title='bbox 535 2505 609 2575; x_wconf 78' lang='lat' dir='ltr'>(llll,</span> <span class='ocrx_word' id='word_1_125' title='bbox 637 2508 666 2572; x_wconf 77' lang='lat'>2,</span> <span class='ocrx_word' id='word_1_126' title='bbox 695 2504 724 2577; x_wconf 85' lang='grc'>3)</span> <span class='ocrx_word' id='word_1_127' title='bbox 808 2505 894 2561; x_wconf 77' lang='lat' dir='ltr'>Tace:</span> <span class='ocrx_word' id='word_1_128' title='bbox 921 2503 1183 2574; x_wconf 86' lang='lat' dir='ltr'>subauscultemus,</span> <span class='ocrx_word' id='word_1_129' title='bbox 1202 2506 1287 2576; x_wconf 86' lang='lat' dir='ltr'>ccqui</span> <span class='ocrx_word' id='word_1_130' title='bbox 1303 2505 1338 2560; x_wconf 84' lang='lat' dir='ltr'>de</span> <span class='ocrx_word' id='word_1_131' title='bbox 1353 2521 1397 2559; x_wconf 87' lang='lat' dir='ltr'>me</span> <span class='ocrx_word' id='word_1_132' title='bbox 1416 2504 1458 2558; x_wconf 90' lang='lat' dir='ltr'>liat</span> 
     </span>
     <span class='ocr_line' id='line_1_21' title="bbox 838 2609 954 2664; baseline 0.009 -2"><span class='ocrx_word' id='word_1_133' title='bbox 838 2609 954 2664; x_wconf 81' lang='lat' dir='ltr'>mentio.</span> 
     </span>
    </p>
   </div>
   <div class='ocr_carea' id='block_1_7' title="bbox 864 2861 896 2920">
    <p class='ocr_par' dir='ltr' id='par_1_8' title="bbox 864 2861 896 2920">
     <span class='ocr_line' id='line_1_22' title="bbox 864 2861 896 2920; baseline 0.031 -1"><span class='ocrx_word' id='word_1_134' title='bbox 864 2861 896 2920; x_wconf 91' lang='lat' dir='ltr'>B.</span> 
     </span>
    </p>
   </div>
   <div class='ocr_carea' id='block_1_8' title="bbox 300 3116 1464 4240">
    <p class='ocr_par' dir='ltr' id='par_1_9' title="bbox 300 3116 1461 3404">
     <span class='ocr_line' id='line_1_23' title="bbox 391 3116 1460 3196; baseline -0.004 -18"><span class='ocrx_word' id='word_1_135' title='bbox 391 3117 506 3179; x_wconf 76' lang='lat' dir='ltr'>Eodem</span> <span class='ocrx_word' id='word_1_136' title='bbox 529 3119 595 3179; x_wconf 79' lang='lat' dir='ltr'>ium</span> <span class='ocrx_word' id='word_1_137' title='bbox 616 3127 710 3196; x_wconf 78' lang='lat' dir='ltr'>atquc</span> <span class='ocrx_word' id='word_1_138' title='bbox 734 3119 764 3180; x_wconf 90' lang='lat' dir='ltr'>in</span> <span class='ocrx_word' id='word_1_139' title='bbox 789 3119 837 3178; x_wconf 89' lang='lat' dir='ltr'>his</span> <span class='ocrx_word' id='word_1_140' title='bbox 853 3117 1069 3178; x_wconf 87' lang='lat' dir='ltr'>coniunctiuus</span> <span class='ocrx_word' id='word_1_141' title='bbox 1092 3117 1123 3175; x_wconf 92' lang='lat' dir='ltr'>in</span> <span class='ocrx_word' id='word_1_142' title='bbox 1147 3118 1192 3178; x_wconf 86' lang='lat' dir='ltr'>cis</span> <span class='ocrx_word' id='word_1_143' title='bbox 1215 3116 1460 3196; x_wconf 81' lang='lat' dir='ltr'>interrogationi-</span> 
     </span>
     <span class='ocr_line' id='line_1_24' title="bbox 300 3217 1461 3300; baseline -0.005 -16"><span class='ocrx_word' id='word_1_144' title='bbox 300 3223 363 3284; x_wconf 90' lang='lat' dir='ltr'>bus</span> <span class='ocrx_word' id='word_1_145' title='bbox 386 3221 549 3300; x_wconf 76' lang='lat' dir='ltr'>flagitatur,</span> <span class='ocrx_word' id='word_1_146' title='bbox 577 3220 630 3281; x_wconf 88' lang='lat' dir='ltr'>ubi</span> <span class='ocrx_word' id='word_1_147' title='bbox 651 3221 746 3280; x_wconf 87' lang='lat' dir='ltr'>alium</span> <span class='ocrx_word' id='word_1_148' title='bbox 769 3218 926 3300; x_wconf 83' lang='lat' dir='ltr'>qucudam</span> <span class='ocrx_word' id='word_1_149' title='bbox 941 3217 983 3298; x_wconf 92' lang='lat' dir='ltr'>id,</span> <span class='ocrx_word' id='word_1_150' title='bbox 1003 3218 1086 3299; x_wconf 80' lang='lat' dir='ltr'>quod</span> <span class='ocrx_word' id='word_1_151' title='bbox 1102 3220 1262 3280; x_wconf 85' lang='lat' dir='ltr'>enuntiato</span> <span class='ocrx_word' id='word_1_152' title='bbox 1282 3217 1461 3281; x_wconf 87' lang='lat' dir='ltr'>secundario</span> 
     </span>
     <span class='ocr_line' id='line_1_25' title="bbox 303 3320 1134 3404; baseline -0.004 -18"><span class='ocrx_word' id='word_1_153' title='bbox 303 3325 497 3404; x_wconf 80' lang='lat' dir='ltr'>expiimitur,</span> <span class='ocrx_word' id='word_1_154' title='bbox 525 3332 678 3403; x_wconf 79' lang='lat' dir='ltr'>rogantcm</span> <span class='ocrx_word' id='word_1_155' title='bbox 702 3325 753 3386; x_wconf 85' lang='lat' dir='ltr'>uel</span> <span class='ocrx_word' id='word_1_156' title='bbox 776 3323 983 3384; x_wconf 78' lang='lat' dir='ltr'>sciscitantem</span> <span class='ocrx_word' id='word_1_157' title='bbox 1006 3320 1134 3383; x_wconf 86' lang='lat' dir='ltr'>induco:</span> 
     </span>
    </p>

    <p class='ocr_par' dir='ltr' id='par_1_10' title="bbox 302 3441 1464 4240">
     <span class='ocr_line' id='line_1_26' title="bbox 868 3441 899 3523; baseline 0 0"><span class='ocrx_word' id='word_1_158' title='bbox 868 3441 899 3523; x_wconf 83' lang='lat' dir='ltr'>t)</span> 
     </span>
     <span class='ocr_line' id='line_1_27' title="bbox 305 3545 1461 3629; baseline -0.003 -21"><span class='ocrx_word' id='word_1_159' title='bbox 305 3553 345 3608; x_wconf 92' lang='lat' dir='ltr'>Pl.</span> <span class='ocrx_word' id='word_1_160' title='bbox 371 3555 447 3610; x_wconf 76' lang='lat' dir='ltr'>Mun.</span> <span class='ocrx_word' id='word_1_161' title='bbox 478 3555 535 3608; x_wconf 85' lang='lat' dir='ltr'>ltl</span> <span class='ocrx_word' id='word_1_162' title='bbox 565 3546 597 3628; x_wconf 83' lang='lat' dir='ltr'>(l,</span> <span class='ocrx_word' id='word_1_163' title='bbox 624 3557 654 3622; x_wconf 76' lang='lat'>2,</span> <span class='ocrx_word' id='word_1_164' title='bbox 681 3545 711 3629; x_wconf 76' lang='grc' dir='ltr'>ὁ)</span> <span class='ocrx_word' id='word_1_165' title='bbox 803 3552 918 3622; x_wconf 69' lang='lat' dir='ltr'>rogitas</span> <span class='ocrx_word' id='word_1_166' title='bbox 945 3549 1008 3618; x_wconf 87' lang='lat' dir='ltr'>Quo</span> <span class='ocrx_word' id='word_1_167' title='bbox 1024 3565 1164 3622; x_wconf 69' lang='lat' dir='ltr'>cqccam,</span> <span class='ocrx_word' id='word_1_168' title='bbox 1190 3566 1278 3622; x_wconf 87' lang='lat' dir='ltr'>quam</span> <span class='ocrx_word' id='word_1_169' title='bbox 1292 3567 1355 3606; x_wconf 81' lang='lat' dir='ltr'>rem</span> <span class='ocrx_word' id='word_1_170' title='bbox 1376 3565 1461 3620; x_wconf 82' lang='lat' dir='ltr'>agam,</span> 
     </span>
     <span class='ocr_line' id='line_1_28' title="bbox 844 3654 1160 3725; baseline -0.003 -16"><span class='ocrx_word' id='word_1_171' title='bbox 844 3654 914 3724; x_wconf 85' lang='lat' dir='ltr'>quid</span> <span class='ocrx_word' id='word_1_172' title='bbox 938 3655 1033 3725; x_wconf 68' lang='lat' dir='ltr'>necati</span> <span class='ocrx_word' id='word_1_173' title='bbox 1052 3669 1160 3724; x_wconf 81' lang='lat' dir='ltr'>geram,</span> 
     </span>
     <span class='ocr_line' id='line_1_29' title="bbox 801 3755 1463 3828; baseline -0.003 -16"><span class='ocrx_word' id='word_1_174' title='bbox 801 3755 875 3824; x_wconf 85' lang='lat' dir='ltr'>Quid</span> <span class='ocrx_word' id='word_1_175' title='bbox 902 3761 1015 3825; x_wconf 80' lang='lat' dir='ltr'>petam,</span> <span class='ocrx_word' id='word_1_176' title='bbox 1051 3756 1121 3826; x_wconf 89' lang='lat' dir='ltr'>quid</span> <span class='ocrx_word' id='word_1_177' title='bbox 1151 3757 1258 3824; x_wconf 76' lang='lat' dir='ltr'>ictam,</span> <span class='ocrx_word' id='word_1_178' title='bbox 1297 3756 1371 3826; x_wconf 88' lang='lat' dir='ltr'>quid</span> <span class='ocrx_word' id='word_1_179' title='bbox 1398 3755 1463 3828; x_wconf 64' lang='lat' dir='ltr'>sctis</span> 
     </span>
     <span class='ocr_line' id='line_1_30' title="bbox 524 3861 960 3940; baseline -0.005 -25"><span class='ocrx_word' id='word_1_180' title='bbox 524 3935 527 3940; x_wconf 23' lang='grc' dir='ltr'>Ι</span> <span class='ocrx_word' id='word_1_181' title='bbox 842 3861 960 3930; x_wconf 75' lang='lat' dir='ltr'>egerim.</span> 
     </span>
     <span class='ocr_line' id='line_1_31' title="bbox 305 3960 1464 4033; baseline -0.003 -15"><span class='ocrx_word' id='word_1_182' title='bbox 305 3964 373 4018; x_wconf 87' lang='lat' dir='ltr'>Cato</span> <span class='ocrx_word' id='word_1_183' title='bbox 395 3963 432 4017; x_wconf 88' lang='lat' dir='ltr'>de</span> <span class='ocrx_word' id='word_1_184' title='bbox 448 3980 473 4016; x_wconf 85' lang='lat' dir='ltr'>r.</span> <span class='ocrx_word' id='word_1_185' title='bbox 493 3979 516 4017; x_wconf 87' lang='lat' dir='ltr'>r.</span> <span class='ocrx_word' id='word_1_186' title='bbox 538 3964 559 4030; x_wconf 92' lang='lat' dir='ltr'>l,</span> <span class='ocrx_word' id='word_1_187' title='bbox 591 3967 599 4017; x_wconf 89' lang='lat' dir='ltr'>t</span> <span class='ocrx_word' id='word_1_188' title='bbox 629 3961 780 4016; x_wconf 78' lang='lat' dir='ltr'>Praedium</span> <span class='ocrx_word' id='word_1_189' title='bbox 801 3961 881 4030; x_wconf 87' lang='lat' dir='ltr'>quod</span> <span class='ocrx_word' id='word_1_190' title='bbox 901 3962 1030 4033; x_wconf 84' lang='lat' dir='ltr'>primum</span> <span class='ocrx_word' id='word_1_191' title='bbox 1053 3961 1123 4029; x_wconf 86' lang='lat' dir='ltr'>siet,</span> <span class='ocrx_word' id='word_1_192' title='bbox 1149 3961 1241 4015; x_wconf 80' lang='lat' dir='ltr'>sime</span> <span class='ocrx_word' id='word_1_193' title='bbox 1263 3960 1400 4032; x_wconf 80' lang='lat' dir='ltr'>rogabiS‚</span> <span class='ocrx_word' id='word_1_194' title='bbox 1430 3961 1464 4016; x_wconf 81' lang='lat' dir='ltr'>sic</span> 
     </span>
     <span class='ocr_line' id='line_1_32' title="bbox 842 4065 934 4120; baseline -0.011 0"><span class='ocrx_word' id='word_1_195' title='bbox 842 4065 934 4120; x_wconf 59' lang='lat' dir='ltr'>mcum</span> 
     </span>
     <span class='ocr_line' id='line_1_33' title="bbox 302 4165 1255 4240; baseline -0.006 -10"><span class='ocrx_word' id='word_1_196' title='bbox 302 4169 342 4230; x_wconf 88' lang='lat' dir='ltr'>Pl.</span> <span class='ocrx_word' id='word_1_197' title='bbox 369 4167 472 4227; x_wconf 80' lang='lat' dir='ltr'>Bacch.</span> <span class='ocrx_word' id='word_1_198' title='bbox 502 4171 558 4234; x_wconf 83' lang='lat' dir='ltr'>l88</span> <span class='ocrx_word' id='word_1_199' title='bbox 585 4166 631 4238; x_wconf 82' lang='lat' dir='ltr'>(ll,</span> <span class='ocrx_word' id='word_1_200' title='bbox 659 4173 688 4236; x_wconf 74' lang='lat' dir='ltr'>t,</span> <span class='ocrx_word' id='word_1_201' title='bbox 719 4167 767 4240; x_wconf 77' lang='lat' dir='ltr'>tt)</span> <span class='ocrx_word' id='word_1_202' title='bbox 798 4166 920 4240; x_wconf 77' lang='lat' dir='ltr'>Rugabis</span> <span class='ocrx_word' id='word_1_203' title='bbox 943 4186 995 4236; x_wconf 84' lang='lat' dir='ltr'>mc,</span> <span class='ocrx_word' id='word_1_204' title='bbox 1021 4165 1139 4224; x_wconf 88' lang='lat' dir='ltr'>ubisit.</span> <span class='ocrx_word' id='word_1_205' title='bbox 1166 4168 1255 4224; x_wconf 79' lang='lat' dir='ltr'>uenit.</span> 
     </span>
    </p>
   </div>
   <div class='ocr_carea' id='block_1_9' title="bbox 0 0 1562 5024">
    <p class='ocr_par' dir='ltr' id='par_1_11' title="bbox 0 0 1562 5024">
     <span class='ocr_line' id='line_1_34' title="bbox 0 0 1562 5024; baseline 0 0"><span class='ocrx_word' id='word_1_206' title='bbox 0 0 1562 5024; x_wconf 95' lang='lat' dir='ltr'> </span> 
     </span>
    </p>
   </div>
  </div>
 </body>
</html>
