3126 5028
347 402 407 464 118
774 405 930 492 Envtnnvs
954 407 1079 463 Bncrtan.

345 574 504 634 sententiis
541 575 624 636 uiros
663 572 768 635 doctos
793 573 833 635 de
863 572 961 634 modis
991 574 1022 633 in
1051 573 1344 652 interrogationibus
1373 575 1491 655 obiiquis

345 675 531 737 adhibendis
551 685 650 736 certas
665 675 748 754 leges
763 675 848 756 apud
863 677 981 755 priscos
996 677 1161 755 scriptores
1176 675 1314 737 nondum
1330 679 1488 756 agnouisse.

344 777 445 857 Atque
477 780 606 857 iusuper
637 779 713 838 baec
749 780 891 858 quaestio
925 777 995 838 ideo
1031 797 1155 857 quoque
1190 781 1403 857 pertractanda
1434 801 1492 843 esse

345 883 412 944 uisa
441 891 503 958 est,
542 880 625 960 quod
656 883 811 942 neminem
841 881 948 960 fugere
967 882 1075 960 ‘potuit
1103 882 1238 960 atiquem
1269 882 1343 944 inde
1372 884 1490 946 fructum

346 983 593 1045 redundaturum
616 1004 685 1045 esse
707 984 747 1046 ad
769 986 942 1065 priscorum
965 985 1150 1063 scriptorum
1166 985 1258 1045 crisin
1274 987 1395 1047 cautius
1410 1007 1489 1048 exer-

345 1085 484 1164 cendam,
510 1087 643 1166 quorum
665 1097 836 1166 contextae,
862 1107 933 1148 cum
957 1086 1137 1148 dubitarent
1159 1088 1218 1148 uiri
1242 1087 1340 1166 docti,
1367 1109 1424 1169 qua
1445 1111 1490 1152 ra-

346 1191 428 1251 tione
458 1191 488 1249 in
519 1190 670 1252 eiusmodi
694 1191 767 1251 locis
789 1189 979 1270 corrigendis
1001 1199 1177 1268 uterentur,
1212 1209 1250 1250 ne
1274 1194 1398 1270 saepius
1418 1193 1491 1254 falsis

345 1294 530 1354 coniecturis
553 1295 649 1372 magis
669 1292 859 1373 deprauatus
875 1293 967 1372 quarn
984 1291 1167 1353 emendatus
1183 1294 1232 1370 sit,
1259 1293 1427 1355 uerendum
1442 1305 1488 1357 est.

430 1396 469 1455 Vt
492 1393 532 1455 dc
554 1397 681 1472 ratione,
708 1414 768 1474 qua
793 1380 987 1456 iudicatiuus¹
1002 1395 1033 1454 in
1057 1394 1348 1474 interrogationibus
1371 1397 1489 1476 obliquis

345 1496 546 1575 explicandus
576 1499 631 1575 sit,
663 1498 704 1558 ita
734 1497 773 1558 de
803 1499 918 1577 origine
942 1515 1066 1576 quoque
1090 1497 1184 1558 buius
1206 1508 1379 1559 structurae
1401 1503 1492 1561 uariae

345 1600 514 1660 sententiae
537 1601 805 1661 circumferuntur.
847 1599 889 1660 Ao
909 1602 1045 1680 primum
1068 1598 1196 1677 quidem
1218 1617 1281 1661 non
1304 1600 1423 1678 desunt,
1448 1606 1491 1682 qui

345 1721 407 1762 non
446 1701 661 1763 dubitauerint
703 1737 739 1750 -
782 1712 813 1763 et
843 1701 883 1762 ad
916 1721 1022 1762 eorum
1056 1704 1239 1762 sententiam
1277 1706 1370 1765 etiarn
1399 1705 1491 1766 Weis-

346 1803 480 1866 senborn
518 1805 537 1864 l.
572 1805 591 1865 Ι.
628 1823 665 1864 ex
700 1815 787 1884 parte
820 1804 965 1866 accedere
998 1803 1125 1867 uidetur
1161 1840 1198 1850 -
1233 1806 1317 1867 buno
1349 1805 1491 1869 indicatiui

345 1925 456 1984 usum,
488 1923 558 1968 oum
587 1907 669 1968 idem
698 1909 728 1968 in
753 1908 939 1969 Graecorum
968 1908 1076 1969 litteris
1099 1909 1285 1987 reperiatur,
1320 1908 1361 1969 ad
1382 1909 1490 1971 illorum

346 2012 545 2072 imitationem
569 2028 731 2088 reuocare,
765 2029 859 2090 quam
883 2011 1066 2074 sententiam
1090 2012 1193 2090 Reisig
1215 2011 1236 2070 Ι.
1262 2011 1283 2071 Ι.
1312 2011 1406 2072 iibere
1426 2031 1491 2092 pro-

346 2115 464 2174 fitetur:
494 2113 574 2176 'doct
599 2115 638 2174 ist
661 2133 695 2172 er
722 2113 929 2195 (indicatiuus)
956 2129 1013 2174 ooo
1037 2113 1125 2174 iinon
1149 2115 1180 2173 io
1203 2113 1356 2175 einzelnen
1377 2115 1492 2176 redens-

346 2224 432 2277 crtea
460 2215 524 2276 und
545 2217 576 2276 oio
597 2217 742 2296 yewrsreo
764 2223 994 2296 cortrccsorton
1017 2216 1246 2296 oofyeoomrnen
1269 2217 1407 2297 wordm,
1431 2219 1493 2278 abne

345 2317 468 2396 mocissi
493 2319 572 2379 octob
593 2317 805 2399 9riccbtscbom
829 2317 991 2398 beronicis!
1037 2317 1099 2378 Sed
1129 2319 1274 2396 quamuis
1301 2329 1417 2380 constet
1437 2323 1492 2381 lio-

345 2439 505 2482 manornm
534 2422 652 2482 litteras
681 2439 720 2481 ex
743 2422 928 2482 Graecorum
957 2419 1084 2480 demum
1117 2421 1287 2498 cognitione
1320 2431 1352 2482 et
1383 2423 1492 2483 initium

345 2526 464 2604 cepisse
486 2533 517 2584 et
539 2524 577 2585 ad
600 2526 746 2585 maiorem
762 2524 934 2585 effloruisse
949 2532 1057 2600 artem,
1084 2541 1142 2584 nco
1156 2525 1261 2587 miuus
1276 2524 1492 2586 concedendum

346 2628 385 2688 sit
407 2627 592 2688 Graecarum
618 2629 788 2689 litterarum
812 2628 981 2707 cognitione
1004 2626 1117 2687 iactum
1141 2644 1220 2701 esse,
1246 2635 1282 2688 ut
1296 2627 1399 2706 aliquo
1413 2628 1493 2690 modo

345 2732 437 2790 etiam
467 2729 550 2808 leges
581 2733 835 2807 immutarentur,
869 2747 950 2808 quae
978 2730 1009 2788 in
1033 2728 1229 2789 conectendis
1252 2731 1410 2792 sententiis
1432 2733 1492 2791 olim

345 2833 610 2911 obseruabantur,
644 2844 747 2894 tamen
775 2833 851 2893 baec
877 2833 978 2913 opinio
1007 2849 1159 2893 summam
1191 2831 1285 2893 babet
1311 2835 1488 2895 cautionem:
1538 2837 1539 2842 ’

346 2955 417 2996 nam
454 2955 526 2996 suas
563 2937 696 3015 quisque
730 2935 864 3015 populus
900 2934 1044 3015 loquendi
1080 2935 1222 3013 sequitur
1257 2934 1350 3018 legas.
1397 2938 1493 3016 itaque

347 3039 424 3099 hanc
453 3057 578 3118 quoquc
606 3048 811 3115 structuram,
844 3037 919 3099 dum
944 3038 1030 3113 lieet,
1064 3057 1103 3097 ex
1126 3038 1225 3116 ipsius
1248 3037 1372 3117 linguae
1395 3039 1494 3099 latinae

346 3151 455 3202 natura
480 3141 693 3219 expiicandam
709 3151 740 3201 et
755 3143 895 3203 Haasii
916 3140 956 3201 do
978 3141 1035 3200 hac
1058 3159 1090 3200 re
1113 3141 1296 3200 sententiam
1314 3141 1493 3220 probandam
1537 3117 1538 3142 ¹

346 3263 415 3304 esso
430 3245 581 3320 existimo,
601 3263 670 3304 cum
687 3244 781 3305 dicat:
801 3243 819 3324 ¹)
846 3244 933 3305 ’Drios
948 3243 1001 3304 der
1016 3243 1279 3324 spractqecreoet
1296 3243 1348 3306 des
1364 3245 1494 3305 indicabo

347 3366 402 3407 eon
414 3346 469 3407 dan
482 3346 642 3424 komilrcrn,
661 3349 722 3408 mm
733 3348 828 3408 dirrcb
840 3349 920 3408 diosa
934 3365 998 3406 com
1009 3346 1213 3428 qriecbiscben
1225 3363 1436 3428 cusyeycoyen
1447 3349 1491 3423 rei,

347 3453 384 3510 ist
398 3451 458 3509 mir
472 3450 544 3510 sebr
559 3449 862 3524 unwani-scientem
882 3450 1027 3511 ‘uielmcbr
1042 3447 1139 3509 buben
1155 3449 1207 3510 ibn
1221 3449 1269 3509 dio
1283 3446 1415 3510 cmiter
1429 3449 1497 3509 conii

345 3552 434 3614 sebon
461 3551 670 3632 vorqefcndcn
701 3553 731 3611 in
761 3552 815 3613 dar
841 3551 1066 3631 ‹trottraprocbe⁴
1099 3551 1146 3612 die
1168 3550 1264 3611 ciebit
1288 3551 1410 3612 lcicbter
1430 3570 1493 3612 oer-

346 3655 559 3735 oocbloeosiqt,
592 3655 636 3715 ab
667 3655 713 3714 die
743 3652 1198 3735 abboeoqiobeitsoerbceltnisse
1227 3653 1281 3714 der
1310 3662 1426 3730 saetae
1455 3653 1492 3714 die

346 3757 494 3836 lebendiye
524 3757 721 3839 onscbcouoq
750 3757 801 3818 des
829 3756 994 3836 factiscben
1016 3756 1080 3818 und
1103 3755 1150 3816 die
1172 3757 1301 3838 neiyuoq
1324 3757 1380 3818 der
1398 3757 1492 3838 pion·
1535 3753 1536 3772 ¹

347 3862 420 3920 tocie
449 3859 511 3919 sicit
543 3859 620 3920 acob
645 3859 700 3920 dos
722 3860 803 3922 or'cbt
825 3859 969 3939 factiscbe
993 3859 1040 3922 als
1062 3859 1172 3922 solebas
1196 3859 1406 3938 corzostellen,
1431 3879 1493 3922 ver-

347 3963 486 4024 aoloasen
516 3961 572 4022 den
603 3961 762 4038 r'odr'cctt'o,
795 3964 849 4026 dar
880 3963 962 4024 donn
989 3962 1108 4042 srcilicb
1131 3964 1163 4024 io
1183 3961 1392 4043 soresccltiyer
1413 3963 1491 4024 redc-

416 4185 438 4235 tt
461 4182 493 4230 ad
514 4182 656 4245 Reisigium
674 4183 736 4232 adn.
758 4187 816 4232 boi.
