3176 5028
487 338 688 409 Qmusmours
711 356 875 400 usrrtocu:
1244 341 1262 400 7

104 510 245 586 occurrit:
273 509 314 570 cf.
341 507 454 588 Amph.
473 507 546 570 876.
574 507 657 570 Asin.
678 508 752 572 379.
772 509 845 572 873.
873 513 959 592 Gapt.
980 511 1052 572 337.
1079 511 1258 572 Curo.358.

104 614 178 672 Men.
205 612 302 680 6666.
327 613 417 672 Mero.
443 611 518 672 868.
544 611 605 672 uit.
633 612 726 674 6386.
750 613 839 674 Pcon.
867 615 904 674 lV
928 617 957 692 8,
983 615 1033 676 63.
1066 615 1261 692 Quamquam

103 713 182 777 haud
204 716 312 794 ignoro
334 714 390 773 hos
414 733 526 776 uersus
541 714 629 776 facile
651 715 693 775 ita
709 731 800 794 posse
816 717 939 794 mutari,
966 726 1001 781 ut
1015 725 1181 779 euanesoat
1195 716 1263 777 hia·

103 827 160 896 tus,
185 827 218 880 ct
238 818 301 878 iam
324 817 489 879 maximam
511 828 631 898 partem
654 836 723 879 esse
746 828 889 896 mutatos,
915 829 1019 881 tamon
1032 821 1089 897 eis,
1115 818 1169 897 qui
1191 817 1263 879 hia-

102 931 165 981 tum
187 921 220 980 in
234 921 374 982 caesuris
389 919 566 997 admittunt,
592 921 676 983 sotus
693 919 795 982 hiatus
810 922 842 982 in
857 921 908 982 illa
924 939 1037 983 uersus
1057 929 1145 1001 parto
1161 921 1261 981 inter-

102 1022 212 1084 cedens
242 1041 305 1083 non
335 1024 409 1085 satis
439 1024 498 1084 em't
526 1042 652 1102 causae,
690 1024 891 1104 quamobrem
914 1043 1037 1100 uersus,
1064 1041 1142 1103 quos
1172 1021 1261 1084 modo

102 1123 310 1202 laudauimus‚
330 1125 537 1188 sollicitandos
552 1144 620 1188 osse
636 1135 784 1188 statuant.
817 1128 880 1188 ttae
895 1128 986 1206 igitur
999 1145 1127 1188 caesura
1144 1125 1260 1188 tactum

31 1285 33 1318 ;
99 1246 165 1290 esse
187 1228 341 1306 existimo,
368 1237 403 1290 ut
425 1237 491 1290 tum
514 1228 730 1307 admjtteretur
744 1229 867 1290 iambus
889 1247 946 1307 pro
967 1227 1105 1307 spondeo
1127 1229 1159 1290 in
1181 1227 1261 1309 pede

30 1325 32 1380 ἑ
100 1331 301 1408 paenultimu
327 1331 382 1392 ubi
405 1332 538 1395 uerbum
562 1333 709 1394 creticum
730 1330 868 1394 efficiens
884 1349 995 1394 uersus
1010 1332 1103 1394 finem
1119 1340 1258 1410 occupat,

99 1442 128 1495 ot
142 1433 295 1495 senucnis
307 1435 469 1496 interstitio
484 1437 573 1514 quasi
586 1433 713 1496 additur
725 1445 847 1514 tempus
859 1453 957 1497 unum
971 1433 1126 1497 deficiens.
1152 1433 1215 1496 Sed
1227 1443 1263 1496 ut

99 1536 173 1597 haee
196 1555 308 1598 reuera
332 1538 372 1598 sit
391 1556 520 1602 caesura
548 1537 590 1619 (et
613 1546 674 1614 est,
706 1538 824 1600 utiam
844 1537 1172 1615 commomomuimus,
1198 1535 1261 1598 tere

99 1657 222 1719 semper
245 1649 365 1702 tantum
388 1639 597 1721 aecundcria),
616 1654 677 1701 non
692 1659 727 1701 cc
750 1648 852 1719 potest
872 1637 1019 1702 accedere
1042 1659 1169 1702 caesum
1192 1639 1261 1718 pri·-

99 1743 208 1820 moris,
243 1757 324 1821 quoe
346 1742 430 1804 issam
451 1742 492 1805 de
514 1762 575 1822 qua
597 1741 730 1804 dicimus
753 1761 814 1802 uon
836 1740 995 1804 admittat:
1028 1742 1085 1804 hoc
1105 1749 1162 1820 est,
1188 1761 1261 1802 om-

97 1844 191 1906 nibus
213 1845 260 1906 eis
282 1845 445 1925 uorsibus,
478 1845 594 1925 quibus
623 1853 694 1908 anto
723 1843 855 1906 umbem
879 1845 1025 1906 creticum
1049 1843 1193 1907 ultimum
1213 1853 1263 1906 est

96 1947 217 2026 syllaba
234 1946 350 2026 breuis,
368 1949 518 2009 nonlicet
539 1967 608 2010 esse
622 1965 782 2010 caesuram
804 1948 1099 2026 misopotamiam,
1126 1945 1182 2008 sed
1197 1964 1259 2026 po*

96 2051 155 2112 tius
171 2049 423 2129 semiquinariam
436 2050 626 2130 uel-“idque
642 2050 1037 2111 rarius-semitamariam.
1064 2048 1165 2129 Atque
1177 2048 1261 2129 apud

96 2152 239 2214 Plautum
263 2150 302 2214 ad
324 2171 483 2215 caesuram
505 2153 590 2215 illam
613 2153 889 2214 seminoueuariam
918 2169 1042 2232 semper
1068 2153 1132 2214 sola
1159 2153 1260 2215 somi-

96 2256 239 2334 quiucria
261 2253 388 2333 accedit,
414 2256 503 2318 uelut
522 2257 601 2318 Meu.
626 2257 661 2316 6;
689 2257 807 2330 Οιιαιιιο
829 2255 863 2318 dt
884 2253 1017 2335 deotpato
1036 2256 1042 2333 )
1062 2251 1243 2336 dccipicttsl

96 2358 236 2419 odricus.
276 2359 412 2436 itemquo
434 2377 489 2420 uu.
517 2358 568 2420 76.
601 2360 652 2418 86.
680 2359 753 2420 836.
782 2357 856 2420 879.
883 2357 956 2418 336.
984 2357 1056 2419 686.
1084 2358 1158 2418 698.
1184 2356 1257 2419 666.

100 2460 199 2541 (738).
235 2460 308 2522 768.
347 2458 443 2542 (766).
477 2460 551 2523 876.
585 2462 660 2522 883.
700 2458 793 2538 Apud
815 2460 991 2522 Terentium
1014 2469 1117 2520 contra
1140 2468 1263 2538 praeter

96 2583 259 2626 caesuram
281 2564 532 2642 semiquinariam
555 2565 636 2627 Eun.
655 2564 708 2626 88.
728 2565 779 2625 89.
809 2563 880 2624 666.
903 2563 973 2622 666.
999 2562 1069 2624 668.
1092 2562 1163 2624 686.
1184 2560 1257 2623 667.

96 2666 181 2729 667.
198 2667 273 2729 689.
305 2664 403 2747 (883).
427 2667 524 2747 (888).
544 2667 606 2728 868
629 2668 722 2728 etiam
743 2683 904 2728 caesuram
927 2663 1169 2727 semitemariam
1193 2663 1263 2724 lieet

96 2778 234 2830 statuere
256 2769 337 2832 Eun.
358 2770 409 2829 69.
429 2770 501 2830 686.
525 2769 624 2850 (667).
649 2767 746 2850 (689).
766 2770 839 2830 883.
864 2770 936 2830 888.
977 2766 1261 2848 semiseptenariam

97 2882 201 2934 autem
226 2871 257 2932 hi
280 2871 335 2932 soli
353 2889 464 2934 uersus
479 2870 647 2934 ostendunt
661 2872 743 2933 Eun.
769 2852 829 2931 ts':
858 2869 953 2932 Habet
967 2867 1073 2947 ultum,
1098 2887 1166 2930 com
1185 2887 1261 2928 cott-

95 2975 166 3036 st'tio
185 2979 190 3054 )
210 2975 317 3054 repere
336 2971 341 3056 )
359 2977 418 3035 adn
432 2981 514 3054 potas
535 3001 577 3020 ⁴·-
600 2985 789 3053 quamquam
812 2973 862 3034 hio
882 2990 1006 3052 quoquc
1034 2973 1076 3034 cc
1098 2970 1172 3032 licet
1191 2978 1261 3032 sta-

97 3087 186 3138 tuere
209 3076 471 3154 semiquinariam‚
498 3085 534 3138 ut
554 3085 625 3154 post
645 3077 903 3156 praepositionem
920 3094 974 3138 cco
1000 3076 1033 3136 in
1048 3070 1177 3157 contuitio
1192 3091 1260 3134 cam

97 3177 289 3242 intercedere
299 3177 437 3242 dicamus
448 3209 498 3257 —··,
512 3179 591 3240 Eun.
604 3179 678 3238 866ι
695 3176 775 3257 Aput
788 3175 992 3258 'stuppeum
1005 3181 1140 3258 utdpuc,
1164 3175 1169 3256 (
1188 3189 1261 3238 mo·

98 3284 144 3342 ter
164 3281 171 3358 )
191 3284 218 3342 e't
236 3289 337 3360 puter.
373 3281 408 3339 ln
430 3281 603 3359 septenario
617 3280 769 3342 trochaico
791 3298 862 3341 oum
888 3297 1034 3342 caesurae
1060 3281 1099 3342 ita
1127 3296 1260 3357 respon-

98 3383 195 3444 deant
217 3384 352 3444 caesuris
375 3383 502 3444 senarii:
955 3371 958 3376 ’

369 3477 1032 3568 ἐυ-υ.ὐ)-υ).’.υ)..υ).ὐ-

481 3583 1031 3670 υ-υ)..υ)-υ)-υ)-υ..

98 3705 155 3767 ubi
178 3719 235 3784 pro
257 3713 345 3767 sexto
367 3706 508 3767 trochaeo
530 3721 592 3767 non
614 3716 662 3766 est
683 3706 857 3785 spondeus,
883 3715 1043 3784 uunquam
1067 3705 1137 3766 ltcot
1158 3707 1260 3766 inter-1

97 3803 209 3869 cedere
231 3805 327 3869 solam
345 3819 506 3870 caesuram
529 3817 598 3888 post
612 3809 754 3888 quintum
772 3808 960 3883 trochaeum,
986 3803 1043 3868 sed
1057 3819 1125 3888 post
1147 3800 1259 3886 pedem

97 3919 246 3990 quartum
262 3907 447 3991 dihaeresin,
466 3908 498 3975 id
521 3904 604 3990 quod
627 3920 657 3972 et
680 3911 818 3974 aPlauto
841 3919 872 3970 et
894 3905 1066 3978 aTerentic
1089 3910 1260 3990 ceterisque

97 4013 298 4074 seuerissime
319 4012 594 4088 obsonatumst,
618 4013 658 4075 cf.
682 4015 771 4076 Marc.
798 4013 871 4076 886.
897 4013 971 4074 383.
999 4014 1072 4074 666.
1092 4014 1164 4073 666.
1183 4011 1257 4074 878.

99 4114 176 4176 876.
203 4116 277 4175 896.
305 4115 378 4177 967.
405 4113 478 4178 976.
506 4117 579 4178 986.
605 4116 676 4176 Hoc.
703 4117 777 4176 393.
804 4115 877 4176 666.
903 4114 975 4175 666.
1003 4113 1077 4175 669.
