3086 5024
229 495 233 499 .
314 411 374 472 180
736 408 891 475 Eumenis
914 411 1038 472 Beonan.

308 581 429 644 addunt
451 581 546 644 uerba
572 583 652 658 Quid
680 585 755 658 5544,
788 601 868 662 5555
896 583 936 643 ab
959 581 1163 643 Ambrosiano
1190 579 1322 655 absunt;
1354 577 1451 640 deleuit

309 683 385 744 haec
408 684 504 745 uerba
522 685 582 745 iam
606 688 731 746 Leman.
772 685 960 763 Fuhrmann,
994 685 1042 745 cui
1066 693 1098 744 et
1119 683 1178 762 ipsi
1201 681 1385 743 indicatiuus
1404 699 1451 742 su-

308 795 435 866 spectus
462 796 541 866 erat,
573 787 666 849 talem
695 788 896 849 baeehiaeum
925 795 1138 848 tetrametrum
1166 785 1367 845 acatalectum
1387 801 1451 843 con-

309 889 452 972 5545441)
481 890 562 966 Quid
583 892 649 952 est?
670 893 793 971 possum
812 911 865 972 595
881 894 958 952 istuc
979 890 1058 952 55455
1080 907 1123 950 eoe
1147 895 1173 949 te
1196 886 1271 968 quid
1292 887 1332 948 sit
1352 887 1451 967 555444

307 993 401 1072 Magis
416 992 552 1073 placeret
573 992 643 1053 talis
659 1012 787 1055 uersus:
809 991 968 1055 Possem
990 993 1093 1052 seire
1115 1009 1166 1070 555
1189 991 1233 1050 em
1255 997 1292 1067 te,
1311 988 1452 1070 qoidttr

311 1094 371 1174 (uel
388 1097 465 1157 istuc
482 1095 563 1176 5544)
583 1095 637 1157 eit
650 1097 783 1176 nepoti&
809 1095 866 1158 sed
887 1115 958 1157 cum
981 1093 1080 1154 dicem
1103 1092 1247 1171 uerbum,
1274 1110 1291 1151 a
1315 1109 1374 1170 quo
1393 1089 1452 1150 edi-

308 1207 389 1258 tores
404 1216 522 1259 nouum
538 1215 665 1260 uersum
681 1193 877 1276 incohabant,
898 1199 928 1258 in
943 1195 969 1257 Α
986 1197 1018 1257 45
1032 1196 1126 1257 huius
1142 1213 1254 1256 uersus
1266 1193 1350 1254 exitu
1363 1202 1452 1254 extare

312 1293 1441 1382 (ApraebetPOSSUMSGIREEGOISTUGEX[TE]QU[IDN]EGOESTll

307 1399 443 1478 ultim
469 1411 500 1462 et
521 1419 649 1463 uersum
671 1411 852 1481 sequentem
877 1401 918 1462 ita
941 1421 1011 1463 eum
1034 1399 1061 1460 Α
1084 1399 1287 1460 scribendum
1310 1415 1374 1459 esse

439 1506 503 1565 Tuo
526 1506 649 1579 docilia,
675 1509 766 1587 qudm
789 1513 823 1566 45
845 1505 893 1565 4αό
916 1504 1007 1566 uilici
1029 1505 1077 1565 uie

307 1606 505 1669 Studemund
528 1627 577 1668 me
600 1608 749 1685 docuerit,
782 1607 881 1686 nepoti
903 1605 1055 1667 uocabulo
1078 1614 1112 1666 ut
1134 1603 1318 1685 glossemate
1340 1602 1453 1682 expulso

306 1709 512 1771 confidentius
543 1710 623 1770 hane
649 1710 810 1770 lectionem
841 1707 1108 1770 commendarem:
1149 1709 1273 1768 Possum
1308 1707 1383 1766 seire
1412 1723 1454 1785 555

307 1814 385 1873 istuc
407 1831 450 1874 eoe
473 1821 509 1888 te,
535 1812 609 1894 qnid
630 1813 688 1874 erl?
704 1811 717 1896 Ι)
733 1814 865 1888 Dicam,
891 1812 950 1872 nisi
967 1812 1159 1890 impurorum
1174 1809 1371 1870 bacehinrum
1397 1807 1454 1868 455-

307 1916 433 1994 5555445
457 1914 576 1994 aliquid
599 1914 801 1976 dubitationis
824 1913 1007 1992 moneret2).

307 2055 331 2110 5,
352 2055 389 2115 4),
408 2052 480 2102 Trin.
502 2056 563 2102 4444
591 2053 654 2114 44444,
676 2056 701 2114 9,
723 2054 793 2114 459),
814 2052 868 2102 itii.
890 2055 938 2101 495
961 2052 1003 2114 444,
1023 2053 1047 2109 5,
1069 2051 1122 2112 44),
1143 2051 1201 2100 Cas.
1223 2053 1238 2097 9
1260 2051 1289 2111 (l,
1310 2053 1334 2109 t,
1353 2049 1388 2110 9),
1402 2049 1452 2098 cns.

307 2138 354 2192 554
378 2137 429 2198 (tu,
451 2141 475 2196 5,
498 2137 550 2199 55),
571 2137 640 2187 iton.
661 2142 710 2187 555
732 2138 772 2199 (5,
794 2142 817 2196 5,
840 2141 892 2201 re),
913 2138 994 2186 roeo.
1016 2138 1081 2185 4555
1104 2135 1141 2198 tv,
1162 2139 1185 2194 5,
1206 2133 1261 2196 55).

376 2222 399 2283 4)
422 2222 458 2271 De
476 2223 669 2285 particularum
694 2224 939 2287 comparetiuarum
958 2235 1009 2272 usn
1027 2220 1156 2270 Plautino.
1183 2218 1376 2284 Gryphiswald.
1396 2222 1453 2267 4949

307 2319 333 2370 p.
354 2310 386 2356 45
405 2309 520 2357 sentent.
542 2310 663 2358 centron.
684 2309 727 2358 444.
1170 2345 1173 2350 .

376 2395 400 2455 4)
422 2393 450 2442 45
471 2393 512 2442 his
531 2393 661 2456 exemplis
679 2393 804 2443 omnibns
816 2393 1005 2443 coniunctione
1017 2393 1044 2441 in
1066 2393 1203 2456 enuntiato
1216 2391 1374 2441 secundario
1386 2403 1455 2454 prop

308 2481 380 2526 terea
399 2478 560 2541 requiritur,
586 2479 659 2542 qnod
677 2479 709 2539 is,
729 2479 776 2542 qui
794 2478 953 2540 interrogat,
981 2476 1102 2538 dubitet,
1123 2491 1188 2527 num
1206 2477 1275 2526 54455
1292 2478 1457 2538 interrogatus

309 2563 471 2626 respondere
489 2564 586 2614 55444.
620 2564 741 2614 Eandem
761 2564 841 2626 igitur
860 2565 990 2614 retionem
1010 2563 1100 2612 ualere
1118 2565 1329 2612 consentaneum
1348 2565 1400 2621 est,
1418 2560 1458 2609 ubi

307 2647 453 2708 dubitatur,
472 2662 537 2698 num
555 2650 587 2710 ie,
607 2650 653 2713 554
670 2651 858 2712 interrogatur,
879 2648 1043 2713 respondere
1061 2649 1185 2712 possit,
1206 2648 1232 2697 id
1251 2649 1323 2712 quod
1340 2647 1458 2698 55544554

306 2737 357 2784 5545
374 2734 407 2784 ad
427 2747 473 2784 555
491 2733 631 2795 dictiones,
659 2746 721 2784 cum
740 2734 840 2799 quihus
858 2735 1020 2784 indicatinus
1038 2735 1164 2796 coniungi
1183 2733 1259 2794 55454,
1284 2734 1408 2798 appositis
1424 2733 1458 2780 in-

308 2819 428 2869 dicetur:
451 2833 512 2870 nam
531 2821 562 2880 is,
584 2821 630 2884 554
650 2821 805 2883 interrogat,
831 2820 873 2870 445
890 2819 982 2870 uerbis
1001 2819 1142 2883 profitetur
1158 2832 1188 2868 55
1207 2818 1322 2868 alterum
1339 2833 1371 2870 55
1389 2817 1458 2867 dum·

306 2908 378 2954 taxat
400 2905 572 2965 condicione,
599 2907 621 2954 si
640 2906 691 2955 sibi
716 2906 881 2969 respondere
905 2907 1010 2969 posset,
1038 2905 1255 2967 interrogauisse.
1289 2906 1409 2954 Attamen
1424 2895 1457 2952 ‘de

308 2991 356 3040 hae
376 3004 404 3039 re
423 2993 528 3040 certum
546 2991 675 3040 iudicium
695 2979 755 3040 ideo
775 2990 838 3040 45554
857 2992 960 3054 555544,
981 2991 1043 3054 5545
1066 2991 1093 3040 45
1112 2992 1152 3040 545
1170 2990 1310 3054 exemplis,
1329 3003 1397 3054 5555
1414 2989 1458 3037 455

308 3076 450 3138 pertinent,
470 3077 659 3138 coniunctiuns
678 3075 786 3126 aliunde
805 3088 913 3140 555555
931 3075 1067 3140 proiectus
1085 3089 1145 3126 esse
1164 3078 1266 3140 potest:
1288 3089 1348 3125 nem

410 3161 446 3210 Pl.
474 3161 550 3225 Epid.
577 3163 620 3221 444,
647 3165 672 3223 4,
699 3166 731 3211 49
753 3161 820 3224 4495)
850 3162 913 3223 Eho,
942 3176 977 3212 oe
995 3161 1076 3212 444555
1093 3162 1180 3210 4445544
1203 3165 1278 3222 eoin
1299 3174 1358 3211 eom
1380 3161 1456 3210 4445-

668 3250 808 3308 5555544,
833 3248 909 3297 Volo
926 3251 1025 3310 55455,
1045 3251 1164 3300 545545.

305 3333 411 3383 etiamsi
429 3330 464 3381 eb
481 3333 589 3396 ancipiti
615 3332 745 3382 librorum
763 3334 896 3399 scripturn
914 3335 1067 3395 recesseris,
1093 3335 1243 3383 decreuerit
1265 3333 1455 3392 coniunctiuum

305 3418 477 3482 potentialem
496 3431 555 3468 5555
577 3418 649 3480 (nosr
669 3432 725 3468 wer
742 3421 811 3469 554445
828 3421 865 3468 545
877 3417 965 3480 4545544
976 3419 1085 3482 454554)
1102 3421 1147 3470 uix
1158 3419 1248 3481 negari
1268 3421 1363 3482 potest,
1387 3416 1456 3480 (oeni.

307 3518 332 3568 p.
355 3508 412 3562 444)
435 3506 462 3552 54

408 3589 481 3640 Τ545.
503 3593 551 3638 844
569 3590 636 3651 ¹(llll,
658 3593 682 3650 9,
704 3591 745 3652 55)
765 3590 829 3641 Fae
853 3604 908 3653 me,
933 3593 957 3641 54
973 3593 1031 3652 scie,
1054 3593 1232 3640 certiorem
1255 3591 1329 3646 45555
1345 3590 1455 3650 inmitte,

667 3675 720 3725 544
737 3677 894 3737 habitent,
913 3681 998 3738 parer,

307 3761 509 3810 coniunctiuum
522 3761 721 3824 anticipationis
739 3760 850 3811 artificio
868 3775 947 3826 posse
966 3761 1091 3811 ellectum
1104 3773 1163 3810 esse
1177 3774 1237 3826 pag.
1253 3765 1301 3811 444
1315 3762 1455 3812 docuimus.

305 3849 426 3896 Attamen
447 3846 594 3895 tenendum
613 3849 654 3896 est
679 3847 706 3895 in
731 3846 774 3896 his
792 3847 924 3911 exemplis
943 3848 1166 3910 interrogationes
1184 3847 1264 3896 simul
1284 3848 1363 3897 etad
1381 3859 1457 3896 enun-

306 3933 401 3980 tiatum
420 3932 576 3995 primarium
596 3936 624 3980 et
641 3932 675 3981 ad
694 3934 863 3982 enuntiatum
882 3931 1066 3983 condicinnnle
1085 3931 1178 3982 5545554
1196 3945 1286 3996 pesse.
1319 3933 1385 3984 Nem
1403 3945 1456 3981 555-

305 4019 386 4086 tentio
406 4018 507 4079 integra
526 4017 594 4068 haee
612 4022 697 4067 esset:
724 4019 753 4070 Si
764 4021 822 4078 5545,
843 4021 899 4081 eois
916 4032 974 4069 eam
992 4019 1149 4078 4455555544,
1169 4019 1228 4068 uoto
1245 4022 1322 4080 scire,
1334 4021 1393 4081 5545
1409 4030 1457 4066 enni

304 4102 461 4152 tiberouerit.
494 4104 585 4166 445555
605 4102 658 4151 huc
676 4117 729 4153 non
747 4104 881 4168 pertinent
899 4117 931 4153 ee
948 4103 1081 4168 exempla,
1101 4103 1199 4168 quibus
1215 4106 1383 4154 enuntiatum
1400 4115 1457 4152 con-

304 4187 436 4236 dicionale
456 4188 665 4255 proprietatique
680 4182 789 4240 'obiecto
807 4191 898 4239 addito
918 4191 1098 4259 5555554555
1116 4190 1242 4240 inseritur
1262 4193 1292 4240 ut
1304 4191 1382 4240 Cure.
1397 4191 1453 4237 ott:
