3086 5024
314 417 373 479 188
736 418 891 478 Ecvinevs
914 419 1047 478 Becaeec

311 593 351 648 Pl.
378 595 457 650 Pers.
486 598 544 651 824
573 588 615 670 (ll,
644 600 673 662 2,
703 587 751 670 43)
847 595 1078 668 Neqaec‚leaa,
1105 596 1173 667 qaia
1196 593 1246 649 libi
1266 594 1366 649 saltem
1387 595 1459 648 stali-

928 698 1032 763 calam,
1059 699 1127 754 alim
1149 713 1229 769 quem
1251 697 1344 768 Heaea

802 808 806 828 ¹
851 799 995 856 Faciebat.
1007 801 1075 856 uide
1090 817 1166 864 aero,
1177 801 1201 854 si
1217 799 1268 855 libi
1282 801 1350 855 salis
1366 799 1456 868 placei.

397 905 482 958 'Trin⁸
509 907 568 962 748
597 897 654 980 (ΙΙΙ,
683 909 712 971 3,
741 897 790 978 20)
847 904 928 972 Vide,
962 905 986 959 si
1017 903 1069 958 boc
1097 901 1194 958 utibile
1220 904 1311 974 magis
1340 910 1419 974 atque
1437 904 1460 955 in

911 1022 987 1075 ‘rem
1009 1006 1147 1075 depules:

852 1111 947 1181 Ipsam
969 1108 1054 1164 adeas
1076 1106 1260 1163 Lesbonicum
1283 1108 1417 1172 edacium,
1436 1115 1461 1161 al

929 1228 973 1266 res
995 1227 1025 1266 se
1048 1208 1138 1266 babet.
1168 1240 1205 1250 -

405 1315 482 1370 Trin.
511 1318 569 1370 763
599 1308 656 1389 (ΙΙΙ,
685 1319 714 1382 3,
743 1310 792 1390 33)
853 1314 909 1370 Sed
931 1314 998 1369 uide
1014 1313 1173 1381 consiliam,
1199 1315 1223 1368 si
1239 1314 1349 1383 placei:
1369 1303 1382 1389 Ι)
1400 1313 1463 1378 (leid

930 1415 1077 1472 concillet?
1098 1445 1142 1454 —

824 1510 837 1595 Ι)
852 1520 940 1575 Heme
971 1519 1145 1574 conducatur
1173 1519 1275 1590 aliquis
1303 1518 1362 1571 iam
1383 1533 1464 1588 qaaec-

930 1628 988 1675 lam
1007 1628 1101 1694 potest
1122 1627 1173 1676 elc.

314 1725 379 1779 Ter.
405 1722 528 1793 Adelph.
556 1729 615 1782 239
643 1726 689 1794 (ll,
718 1731 747 1792 2,
776 1718 825 1800 31)
852 1723 992 1779 Labascit.
1017 1741 1105 1778 caum
1129 1725 1181 1778 bec
1204 1722 1312 1779 babeo:
1348 1721 1423 1787 uide,
1446 1722 1466 1774 si

929 1831 998 1882 satis
1022 1828 1125 1896 placet.
1254 1828 1258 1834 '

852 1931 963 1995 Paline,
1002 1946 1087 2002 qaam
1123 1932 1219 1986 cerciac
1256 1933 1285 1983 ia
1321 1929 1463 2000 periclem,

932 2033 1051 2098 Sannio,

855 2133 992 2190 Seraesac
1015 2153 1052 2190 aa
1070 2135 1174 2208 perdas
1197 2141 1302 2198 lolam,
1329 2133 1468 2188 diuiduum

929 2238 993 2310 sace
1003 2231 1038 2313 ¹),

873 2540 907 2599 ΙΙ.

400 2731 433 2789 ln
456 2728 634 2805 enuntietis,
660 2727 698 2790 de
721 2728 836 2806 quibus
858 2728 1020 2806 hucusque
1042 2728 1179 2806 egimus,
1204 2728 1248 2803 is,
1274 2727 1328 2805 qui
1353 2725 1394 2787 de
1416 2726 1470 2786 eli-

314 2852 376 2913 qua
399 2851 432 2892 re
455 2833 565 2892 certior
587 2830 652 2891 fieri
678 2832 755 2908 uult,
781 2831 931 2909 alterum,
965 2849 1059 2909 quem
1089 2830 1140 2891 uel
1164 2829 1309 2891 continuo
1333 2829 1385 2890 uel
1409 2837 1472 2908 pasl

313 2935 439 3016 aliquod
461 2933 658 2995 interuallum
682 2933 743 2994 sibi
773 2932 960 3012 respondere
990 2933 1094 3012 iubet,
1127 2933 1230 3012 ipsum
1261 2930 1471 3011 interrogando

314 3037 459 3118 appellat.
499 3035 549 3097 Ab
572 3035 620 3096 his
630 3036 810 3132 ⁸enuntietis
833 3035 978 3097 omnibus
1001 3035 1162 3115 diligenter
1189 3032 1381 3095 secernenda
1405 3042 1472 3094 sunl

314 3160 360 3218 ee,
392 3141 424 3199 in
447 3138 562 3219 quibus
585 3138 612 3200 is
635 3140 688 3218 qui
711 3139 849 3219 loquitur
871 3156 932 3199 non
955 3138 1085 3199 alterum
1116 3136 1273 3218 quendam
1296 3137 1468 3214 interroget,

314 3242 370 3304 sed
392 3252 446 3305 aul
460 3261 499 3302 cx
521 3242 634 3320 eliqua,
661 3260 753 3320 quem
777 3251 880 3303 lamen
895 3260 956 3302 nan
972 3238 1159 3321 adloquitur,
1185 3248 1293 3321 postea
1310 3258 1345 3300 se
1360 3235 1473 3319 aliquid

385 3516 406 3578 l)
429 3516 511 3566 Omisi
525 3527 634 3564 uersum
648 3516 803 3578 corruptum
817 3515 885 3564 Men.
902 3518 949 3562 487
968 3514 995 3575 (Ι,
1008 3520 1032 3573 3,
1048 3517 1072 3578 5)
1093 3515 1151 3564 Vter
1161 3515 1196 3564 ibi
1208 3515 1300 3563 melior
1311 3513 1422 3562 bellator
1433 3514 1474 3561 erit

314 3606 432 3653 inaemas
445 3601 576 3658 canthara,
601 3601 668 3649 Tuus
680 3605 728 3650 cel:
749 3602 851 3662 lecito
867 3613 904 3648 ce
915 3601 1073 3660 iudicato,
1089 3613 1146 3650 eccm
1164 3595 1291 3665 airolae)
1303 3599 1373 3649 bacic
1384 3603 1474 3648 aeciam

313 3691 378 3738 sice
399 3685 434 3749 [in
454 3700 507 3750 qua
535 3687 603 3736 Tuus
620 3691 671 3735 cel:
697 3687 771 3748 lecito
795 3699 825 3735 ac
849 3687 961 3735 iudicato
990 3687 1090 3734 incerte
1109 3686 1219 3735 Vehleni
1244 3686 1405 3734 coniectura
1429 3687 1471 3741 est,

313 3772 377 3822 BCD
395 3772 523 3836 praebent
547 3773 620 3821 Tacsl
638 3773 704 3834 lcyia
721 3774 880 3832 adiudicalc;
901 3785 959 3822 cam
974 3776 1066 3822 atroce
1078 3771 1231 3823 Fleckeisen
1250 3771 1403 3835 proposuit,
1423 3781 1474 3818 cam

315 3858 393 3908 alred
412 3857 511 3908 llilschl
531 3855 614 3922 plaut.
636 3870 739 3907 excuss.
761 3859 771 3906 Ι
791 3871 817 3922 p.
838 3860 879 3914 el,
901 3871 960 3908 cam
977 3863 1038 3908 alra
1055 3871 1118 3908 cum
1136 3858 1212 3906 hictu
1230 3856 1316 3920 ecel,
1337 3869 1403 3906 cum
1423 3858 1475 3918 post

315 3943 420 3992 initium
440 3941 560 3992 nondum
579 3945 703 3992 senatum
718 3943 826 3993 Plautus
845 3944 990 3994 cciaaicctc
1007 3941 1055 4010 (le),
1076 3958 1135 3994 cam
1152 3948 1211 3993 alra
1229 3945 1296 3992 banc
1313 3945 1417 3992 noctem
1433 3944 1474 3990 sies

315 4027 455 4088 scripsisse
474 4026 613 4086 uidentem
641 4029 692 4078 hoc
715 4030 737 4078 si
757 4035 829 4079 recle
847 4030 964 4089 conieci,
992 4030 1134 4080 releliuum
1153 4029 1344 4094 potiusquam
1366 4029 1475 4077 interra-

315 4115 435 4176 gatiuum
453 4114 621 4162 enuntiatum
639 4117 666 4164 el
683 4118 732 4167 sies
750 4115 938 4167 coniunctiuus
962 4115 1097 4182 epletiuus
1116 4114 1303 4177 agnoscendus
1323 4125 1386 4164 esse
1407 4112 1474 4166 uide·

316 4199 395 4250 hilur.
