3086 5024
259 459 262 464 -
293 422 336 482 Dr
361 425 490 484 Sraraxr
513 394 790 484 irrraaootrrouvu
814 425 1015 494 Ouirorravn.
1178 423 1232 484 181

643 593 672 676 a

165 694 277 756 Similis
300 696 439 758 condicio
461 705 509 758 est
531 716 638 758 eorum
662 697 883 778 exemplorum,
910 699 940 757 in
958 696 1074 776 quibus
1089 697 1238 758 enuntia-

88 805 147 858 tum
169 799 423 878 interrogatiuum
451 799 492 882 (id
514 810 563 861 est
584 800 810 878 secundarium)
845 821 884 862 ex
907 801 1065 861 enuntiato
1094 800 1238 878 primario

44 933 47 938 ·
88 917 264 978 suspensum
297 911 359 981 est,
393 902 478 982 quod
508 911 539 963 et
566 904 668 982 ipsum
698 920 769 964 oum
798 905 885 963 tertio
915 901 1049 981 quodam
1078 903 1238 964 enuntiato

87 1003 233 1064 cohaeret:
250 1023 322 1064 nam
336 1005 367 1065 in
383 1004 533 1067 eiusmodi
550 1005 699 1084 exemplis
719 1015 750 1067 et
764 1007 960 1067 enuntiatum
977 1005 1157 1082 primarium
1174 1013 1235 1064 tam

86 1107 285 1167 necessarium
314 1117 371 1187 est,
396 1117 432 1170 ut
454 1109 514 1174 omi
516 1110 550 1169 tti
572 1118 716 1188 nequeat
748 1110 819 1188 quia
836 1127 906 1169 oum
929 1108 1024 1168 aitero
1052 1105 1148 1186 (tertio
1171 1106 1232 1188 iiio)

86 1210 235 1270 enuntiato
258 1211 455 1272 coniunctum
473 1221 529 1290 est,
556 1221 587 1272 et
608 1212 710 1291 aliqua
727 1211 929 1272 dubitationis
943 1211 1026 1312 potio
1047 1211 1126 1269 inest
1128 1209 1237 1288 ,quod

86 1311 118 1387 is,
143 1313 194 1390 qui
216 1299 392 1392 interrogat,
419 1314 503 1376 iilam
525 1316 686 1384 actionem
709 1333 788 1394 quae
811 1291 968 1374 enuntiato
990 1313 1136 1392 primario
1158 1331 1237 1372 con-

85 1413 193 1474 tinetur
215 1435 340 1495 quaque
356 1417 434 1477 aiter
448 1416 565 1496 aliquid
582 1415 768 1496 respondere
785 1417 919 1494 iubetur,
939 1434 978 1474 ex
993 1415 1035 1475 ait
1023 1424 1087 1474 tera
1104 1416 1233 1494 actione,

85 1533 158 1594 qnae
173 1520 262 1579 tertio
277 1518 328 1579 iiio
351 1521 509 1580 enuntiato
531 1519 724 1598 exprimitur,
751 1520 791 1579 ita
813 1517 1001 1598 pendentem
1025 1517 1104 1595 iacit,
1131 1527 1166 1578 ut
1181 1519 1238 1578 hac

83 1619 192 1680 actione
215 1621 353 1682 condicio
375 1621 666 1703 comprehendatur,
693 1640 754 1700 qua
779 1621 831 1681 iiia
853 1619 1060 1700 respondendi
1083 1621 1161 1680 actio
1183 1630 1237 1681 aut

84 1721 132 1781 iiat
145 1731 198 1782 aut
213 1742 275 1785 non
299 1723 362 1785 fiat.
401 1725 508 1804 Itaque
531 1726 563 1784 in
585 1725 752 1786 enuntiatis
775 1723 1001 1802 interrogatiuis
1023 1743 1062 1782 ex
1085 1722 1236 1784 eiusmodi

84 1825 244 1887 enuntiatis
267 1828 421 1907 primariis
442 1826 655 1908 pendentibus
676 1826 765 1888 uerbi
789 1827 1004 1886 coniunctiuus
1027 1826 1204 1905 requiritur.

162 1927 190 2009 a)
216 1928 320 2009 Atque
341 1931 477 2011 primum
499 1929 627 2009 quidem
651 1929 683 1990 id
706 1931 911 2007 enuntiatum,
941 1947 981 1988 ex
1003 1947 1065 2008 quo
1087 1929 1236 1989 enuntia-

83 2038 143 2089 tum
166 2032 419 2110 interrogatiuum
443 2031 568 2113 pendet,
595 2033 682 2094 alteri
705 2033 864 2093 enuntiato
886 2029 1127 2111 adiungitur

162 2137 193 2210 α)
221 2135 273 2212 ita,
294 2143 330 2196 ut
343 2135 471 2196 alterius
494 2137 644 2196 enuntiati
667 2136 819 2195 sententia
834 2134 929 2194 aitero
945 2133 1078 2213 tollatur,
1104 2133 1137 2195 id
1153 2134 1236 2214 quod

83 2234 123 2312 fit,
148 2235 202 2296 ubi
225 2235 288 2298 duo
310 2239 466 2299 enuntiata
491 2247 545 2299 out
567 2239 616 2299 uei
640 2239 690 2298 uei
709 2237 868 2317 particulis
891 2237 1134 2315 coniunguntur:

83 2342 144 2397 Ter.
169 2345 274 2417 Hecyr.
304 2351 362 2403 698
391 2339 462 2423 (iili,
491 2351 519 2415 i,
548 2345 598 2416 76)
625 2345 743 2401 Rcdduc
765 2361 892 2413 uoeorem,
924 2350 974 2399 aut
1000 2361 1087 2415 quam
1116 2344 1150 2401 ob
1181 2363 1237 2400 rem

287 2471 289 2475 ’
643 2465 700 2503 aon
722 2464 793 2520 opus
815 2449 862 2516 sit,
888 2447 972 2502 cedo.

171 2549 287 2605 Phorm.
316 2555 376 2607 305
404 2544 449 2626 (11,
479 2556 506 2619 i,
535 2552 583 2623 75)
791 2550 929 2605 homiaem
950 2551 1202 2605 commonstrarier

625 2655 664 2710 Mi
685 2655 767 2708 isium
789 2653 867 2721 uolo,
893 2657 942 2707 aut
966 2650 1015 2707 ubi
1037 2650 1157 2719 habitet,
1184 2653 1237 2707 de-

633 2756 831 2810 monstrarier
840 2751 875 2825 ¹)

85 2855 202 2913 Lucilius
227 2864 279 2926 28,
307 2864 346 2917 25
372 2839 463 2929 (Geri.
489 2876 519 2929 p.
548 2857 597 2930 et)
625 2857 767 2913 Persuade
790 2862 819 2911 et
845 2858 943 2925 transi,
976 2856 1026 2911 uei
1057 2855 1093 2909 da
1128 2851 1165 2926 (id
1195 2862 1238 2911 est

644 2953 713 3036 die),
740 2975 827 3028 quam
850 2959 885 3016 ob
907 2976 964 3014 rem
987 2965 1125 3013 transeas.
1175 2981 1177 2988 ·

162 3058 195 3116 in
218 3058 269 3117 his
292 3058 443 3139 exemplis
465 3057 593 3119 arbitrio
614 3059 692 3136 eius,
719 3058 772 3136 qui
797 3057 1010 3135 interrogatur,
1037 3055 1235 3135 permittitur,

82 3167 181 3219 utrum
204 3159 248 3239 id,
275 3159 359 3240 quod
381 3161 481 3241 priore
504 3161 687 3240 imperatiuo
710 3160 892 3238 continetur,
919 3157 1029 3237 iacere,
1059 3178 1098 3220 an
1122 3156 1162 3218 ad
1186 3159 1240 3218 in-

82 3265 311 3341 terrogationem
335 3262 520 3343 respondere
542 3262 628 3324 uelit.

82 3435 146 3494 cedo,
166 3435 194 3485 St
211 3449 280 3484 uero
297 3447 433 3496 memoras,
466 3447 532 3495 quoe
549 3433 598 3494 suit
613 3439 698 3484 mater
714 3437 768 3483 tec.
788 3433 862 3495 cept.
884 3435 948 3482 983:
978 3432 1044 3494 Quid
1067 3437 1124 3482 crat
1146 3435 1170 3481 ct
1192 3446 1242 3482 ao-

81 3531 142 3580 meo,
162 3523 184 3568 si
201 3534 270 3570 uero
288 3521 358 3577 cteta,
379 3522 557 3570 remoratum
574 3521 646 3570 auiti.
681 3520 764 3570 Cuius
789 3517 899 3582 quidem
924 3529 1020 3566 uersus
1038 3517 1168 3566 sententia
1188 3529 1241 3565 non

82 3608 131 3653 cst:
152 3619 182 3656 ca
200 3607 355 3664 condicione,
376 3611 404 3655 ot
420 3619 486 3656 uera
503 3607 573 3654 dicos
586 3610 649 3665 ete,
670 3605 732 3654 sed:
754 3617 812 3653 eum
829 3608 852 3653 tc
864 3616 929 3653 cera
943 3604 1027 3652 dicero
1042 3604 1165 3666 efficaces,
1185 3615 1241 3650 otc-

81 3693 213 3740 morodcm
231 3692 312 3742 mitt:
332 3693 392 3754 quid
410 3694 467 3741 crat
485 3695 508 3740 ct
524 3691 637 3740 cornert.⁹

148 3779 170 3838 t)
192 3779 318 3827 Attamen
343 3777 435 3828 habitet
456 3777 645 3827 coniunctiuus
669 3775 750 3825 simui
774 3773 970 3836 anticipationis
993 3770 1105 3821 artificio
1129 3769 1242 3822 effectus

82 3873 137 3910 osse
156 3863 275 3921 uidetur,
296 3862 368 3925 quod
389 3863 488 3926 integra
507 3861 639 3912 sententia
657 3861 726 3910 haec
743 3862 797 3909 est:
828 3864 874 3908 out
895 3858 1048 3920 (tomitem),
1075 3857 1119 3906 obt
1133 3857 1241 3920 dubia,

82 3947 289 3998 commorarer.
322 3948 349 3995 Io
369 3947 421 3996 aiio
439 3947 513 4011 quod
530 3947 585 3996 huc
606 3947 724 4011 pertinet
742 3945 880 4008 exemplo:
907 3943 974 3993 itud.
995 3947 1040 3992 994
1067 3942 1130 4004 (iiii,
1152 3947 1176 4003 t,
1197 3945 1240 4006 tr)

85 4029 175 4082 Vetto
194 4033 275 4083 mitt
291 4023 479 4082 monstrare
497 4037 602 4094 oportet,
619 4034 764 4094 paceque
780 4030 955 4088 sitandeins,
980 4029 1033 4078 Vct
1051 4031 1157 4092 ooocto
1173 4033 1244 4080 mort

82 4129 129 4166 ooo
145 4111 259 4168 uotuout
282 4132 363 4181 acque
385 4119 458 4168 iocor
481 4131 604 4180 squamos
627 4131 659 4167 ac
681 4121 766 4182 soros,
794 4118 825 4166 tit
843 4128 903 4167 esse
924 4116 1125 4168 coniunctiuum
1145 4119 1241 4183 poteo·

11 4227 12 4232 =
82 4202 168 4253 tiaiam
186 4205 239 4254 iarn
259 4217 341 4269 supra
360 4218 386 4270 p.
408 4207 457 4252 itt
477 4204 640 4256 monuimus.
