3116 5020
331 397 374 456 Dr
399 399 527 459 Smrixi
550 399 829 462 lrruuucaamouvu
852 400 1051 472 Ouummaru.
1182 414 1186 422 ·
1212 400 1274 462 305

104 567 289 647 temporibus
311 571 511 650 moyistrotna
531 569 657 650 adeptus
672 570 782 651 snm1)
811 579 839 634 et
853 571 956 653 quone
971 573 1036 633 uiri
1055 572 1133 634 idern
1155 572 1276 654 assequi

103 672 355 751 nequiuerint,
379 680 407 733 et
418 681 523 753 postea
537 692 615 754 quoe
630 692 742 754 yenerc
758 675 910 756 nominem
933 677 963 736 in
984 683 1121 736 senotnm
1135 694 1273 755 perne-

101 775 195 832 neri
202 782 254 849 nt,
279 775 411 855 profecto
435 775 654 838 eoee'ste'mobnnt
676 785 728 837 etc.
772 779 811 838 Es
833 779 871 838 ist
894 777 969 838 eber
990 778 1045 838 der
1067 777 1213 839 indicatio
1244 780 1274 838 in

104 874 297 968 doryleicnen
326 885 446 938 snetzen
475 898 536 939 nnr
559 878 606 939 bei
626 881 741 941 colonen
769 879 1035 960 cen·lcnrrepfenden
1066 880 1272 941 onsdrneclmn

102 977 259 1058 moeyiicii,
291 979 403 1040 welche
425 981 508 1043 nient
529 1001 569 1042 on
592 982 654 1042 sirit
676 983 766 1043 sctm
789 982 837 1043 die
860 982 1025 1063 bedentnny
1048 985 1131 1044 einer
1152 983 1271 1043 subrec-

102 1083 182 1140 tioen
201 1079 431 1162 obioenyiyloeit
451 1081 598 1161 snehren3
625 1085 688 1145 also
704 1085 834 1146 toronen
850 1083 1033 1146 cardonetis
1049 1087 1102 1146 mit
1116 1088 1271 1146 relativam

100 1183 187 1244 sicne
211 1182 294 1244 beide
316 1187 558 1247 consentaneam
573 1188 747 1264 onneinen,
775 1187 838 1248 als:
863 1196 905 1263 nt,
932 1190 1000 1265 wie,
1027 1207 1130 1270 qnam,
1157 1188 1267 1268 quoles,

100 1293 255 1366 quantus,
283 1288 349 1369 qni,
376 1287 456 1348 ubi«
481 1320 520 1334 -·-
545 1289 643 1350 Huius
672 1298 844 1350 structurae
874 1291 1022 1351 rationem
1053 1289 1211 1349 formalem
1239 1288 1270 1350 id

99 1396 150 1447 est
173 1390 407 1466 grammaticam
429 1393 526 1470 magis
549 1392 734 1471 respiciebat
755 1393 901 1471 Krueger,
928 1393 982 1472 qui
1005 1392 1036 1451 in
1060 1375 1194 1470 gramm.x
1216 1392 1269 1452 iat.

99 1487 117 1570 §
152 1491 209 1551 att
245 1490 318 1552 adu.
353 1494 371 1552 3
400 1496 513 1555 »Wenn
545 1495 641 1568 sicin,
681 1495 799 1573 inquit,
841 1497 936 1557 »nicht
965 1513 1025 1556 nm
1055 1494 1101 1554 bei
1129 1504 1270 1572 spoetern

97 1593 335 1672 schriststeiiern
358 1597 420 1659 nord
442 1597 594 1671 dichtenn,
628 1597 756 1657 sondern
787 1599 865 1659 erich
892 1586 983 1659 seibst
1013 1595 1060 1655 bei
1083 1597 1186 1657 Cicero
1208 1597 1271 1656 nond

98 1696 209 1756 Licino
242 1699 378 1759 meinero
412 1697 511 1760 stellen
543 1698 659 1776 finden,
696 1701 727 1758 in
760 1701 889 1761 meloten
919 1700 997 1759 auct
1031 1699 1078 1758 ein
1107 1699 1270 1758 indirecter

95 1797 258 1877 fremente
283 1800 341 1860 den
364 1799 507 1862 eradicatio
535 1821 577 1861 zu
605 1801 851 1880 recensebant,
884 1821 916 1862 so
945 1801 1052 1862 ruehrt
1073 1799 1136 1860 dies
1159 1800 1264 1877 doner,

97 1900 174 1962 dnos
191 1945 316 1961 .....
343 1902 398 1964 dos
420 1903 597 1981 substantio,
625 1902 689 1983 anf
704 1905 829 1965 melcines·
853 1905 916 1964 seen
938 1906 985 1964 ein
1008 1904 1189 1964 retatiosetz
1213 1902 1268 1962 be-

97 2003 192 2082 zr'eirt,
220 2024 278 2066 ans
301 2004 366 2066 dem
390 2006 567 2087 houptsatae
590 2010 622 2067 io
645 2007 743 2068 diesen
766 2005 856 2067 seibst
885 2006 1113 2086 in'net'nqezoqen
1143 2007 1189 2066 ist.
1231 2007 1268 2064 In

94 2105 320 2187 soloeniervon
341 2109 448 2170 nn‘tnmt
463 2109 517 2170 der
530 2110 708 2170 relotiosotz
724 2109 772 2168 dir
786 2109 865 2189 sonno
881 2109 961 2168 eines
978 2107 1137 2168 indirecten
1154 2106 1267 2186 freye-

95 2216 202 2270 satzes
232 2229 291 2287 en,
328 2210 443 2274 bencelt
471 2212 545 2274 aber
572 2212 677 2273 descen
705 2211 881 2292 unqeorhtet
904 2210 958 2271 den
983 2209 1136 2286 indicatio,
1163 2231 1193 2269 z.
1221 2210 1264 2271 b.:

95 2309 220 2393 Aequo
243 2316 383 2375 nitentur
405 2314 536 2375 nomines
560 2315 642 2376 ocuti
671 2321 846 2393 oryntmento
870 2313 910 2372 cd
928 2311 1131 2392 probandum,
1157 2331 1266 2393 operae

91 2418 231 2496 pretinm
259 2424 304 2477 est
326 2416 529 2478 constiteram.
568 2417 628 2476 Cic.
657 2418 721 2476 Fin.
750 2422 779 2490 4,
806 2421 848 2477 24
874 2415 926 2497 (=
949 2413 1140 2474 considerare
1163 2433 1265 2495 orou—

94 2527 242 2592 mentum,
266 2537 325 2600 qno
340 2519 424 2601 cet).
467 2521 667 2598 (teneremus,
694 2519 748 2580 nbi
767 2519 950 2596 maleficium
973 2524 1001 2577 et
1022 2523 1065 2578 est
1086 2524 1113 2576 et
1136 2519 1267 2578 inueniri

92 2628 202 2699 potest.
246 2622 309 2682 Cic.
342 2641 374 2702 p.
400 2623 485 2683 Rosc,
511 2619 611 2682 Amor.
638 2627 689 2699 29,
716 2627 758 2684 83
784 2621 836 2704 (τε
858 2637 1042 2700 quaeramus
1069 2620 1138 2695 soit.¹
1165 2619 1266 2680 nnete-

91 2723 199 2800 ficr'nm
227 2743 261 2785 eo
293 2724 370 2798 Ioco,
403 2723 560 2804 obiret).
616 2726 652 2784 In
675 2723 807 2802 freierer
836 2723 1035 2783 construction
1064 2720 1160 2781 daher
1188 2721 1265 2782 mun

95 2826 198 2886 cnon:
224 2827 292 2887 Ione
314 2845 415 2887 omnes
437 2826 626 2907 intelleqnnt‚
653 2845 709 2887 cur
730 2827 875 2887 roninerso
896 2825 1057 2905 prouincia
1079 2821 1264 2902 defensorem

92 2947 173 2988 snae
188 2928 296 2988 solutis
315 2947 383 2988 enm
399 2931 550 3010 quaesiuit
565 2935 619 2989 oet.
662 2929 722 2988 Cic.
746 2930 830 2988 Verr.
851 2933 880 2998 3,
900 2932 940 2988 26
960 2925 1011 3006 (=
1033 2927 1179 2986 rationem
1203 2944 1264 3004 qrro

93 3031 172 3092 oder
195 3034 296 3106 cnr).«
332 3030 448 3090 Omitto
469 3030 554 3108 alios,
581 3032 633 3109 qui
657 3029 758 3091 obiter
779 3030 859 3089 hanc
882 3047 945 3089 rem
969 3029 1148 3107 tetigerunt,
1175 3029 1263 3088 uelut

92 3131 328 3194 Fordiuaudum
345 3131 434 3193 Hand
458 3131 633 3193 »Lahrbuch
656 3131 712 3193 des
729 3132 929 3193 lateinisches
945 3131 1026 3192 stilso
1047 3130 1147 3210 (Jeuae
1166 3131 1257 3204 t838)

91 3253 168 3315 pag.
194 3236 268 3298 205.
310 3235 399 3298 Cani.
426 3236 517 3296 ctiam
541 3237 679 3297 Roousch
703 3235 790 3294 oltala
813 3233 878 3295 und
900 3235 1045 3312 Vulgata«
1067 3251 1098 3311 p.
1127 3232 1187 3292 tes
1211 3251 1261 3311 sq.

184 3339 247 3398 iam
279 3336 464 3400 accedamus
493 3337 532 3399 ad
564 3338 700 3422 siuguias
727 3337 820 3399 huius
849 3337 968 3414 generis
996 3337 1131 3414 species3
1168 3346 1262 3415 atque

89 3439 255 3503 ordiamur

228 3648 250 3730 1)
277 3647 319 3712 ab
342 3647 574 3734 enuntiatis
597 3644 872 3720 correlatiuis,
899 3661 934 3702 ac
955 3644 1091 3724 primum
1114 3642 1239 3723 quidem

274 3752 301 3834 t)
329 3752 370 3814 ab
392 3753 446 3829 eis,
472 3768 553 3830 quae
574 3750 616 3811 ita
639 3757 813 3827 comparata
829 3755 912 3823 suut,
939 3757 974 3807 ut
994 3747 1026 3807 in
1046 3746 1184 3808 membru
1206 3765 1262 3806 re-

90 3857 192 3919 latiuo
215 3865 265 3936 nt,
297 3855 457 3938 quomodo,
485 3843 737 3936 'quemadmodum
765 3849 933 3928 particulae
962 3859 1138 3928 occurrant,
1171 3858 1203 3910 et
1228 3851 1260 3909 iu

167 4101 191 4161 t)
212 4103 262 4149 stne
276 4100 304 4161 Ρ,
323 4111 383 4148 anm
401 4097 429 4146 C.
450 4095 580 4145 Iordanus
599 4105 648 4143 suo
667 4093 724 4141 iure
741 4093 790 4140 sim
808 4090 929 4153 scripsit3
950 4101 1021 4146 uam,
1044 4088 1094 4138 uisi
1113 4088 1182 4138 atius
1197 4101 1260 4138 son-

90 4199 142 4236 sus
161 4185 324 4235 efficiendus
343 4187 409 4242 erat,
431 4182 526 4232 modus
545 4182 571 4230 in
589 4177 746 4241 aequalibus
764 4175 908 4225 enuntiatis
926 4174 972 4223 uix
991 4174 1154 4224 uariabatur.

148 4289 298 4339 studemund,
313 4286 405 4327 Studien
419 4285 437 4323 1.
1070 4281 1102 4327 20
