<?xml version="1.0" encoding="UTF-8"?>
<!DOCTYPE html PUBLIC "-//W3C//DTD XHTML 1.0 Transitional//EN"
    "http://www.w3.org/TR/xhtml1/DTD/xhtml1-transitional.dtd">
<html xmlns="http://www.w3.org/1999/xhtml" xml:lang="en" lang="en">
 <head>
  <title>
</title>
<meta http-equiv="Content-Type" content="text/html;charset=utf-8" />
  <meta name='ocr-system' content='tesseract 3.04.00' />
  <meta name='ocr-capabilities' content='ocr_page ocr_carea ocr_par ocr_line ocrx_word'/>
</head>
<body>
  <div class='ocr_page' id='page_1' title='image "./studiainpriscos00studgoog_0183.png"; bbox 0 0 3086 5024; ppageno 0'>
   <div class='ocr_carea' id='block_1_1' title="bbox 283 399 1009 463">
    <p class='ocr_par' dir='ltr' id='par_1_1' title="bbox 283 328 1535 464">
     <span class='ocr_line' id='line_1_1' title="bbox 283 399 1009 463; baseline -0.003 -2"><span class='ocrx_word' id='word_1_1' title='bbox 283 402 342 463; x_wconf 81' lang='lat'><strong>168</strong></span> <span class='ocrx_word' id='word_1_2' title='bbox 709 399 862 459; x_wconf 71' lang='lat' dir='ltr'><strong>Ennianus</strong></span> <span class='ocrx_word' id='word_1_3' title='bbox 886 399 1009 460; x_wconf 76' lang='lat' dir='ltr'><strong>Brenn.</strong></span> 
     </span>
    </p>
   </div>
   <div class='ocr_carea' id='block_1_2' title="bbox 285 567 1538 1366">
    <p class='ocr_par' dir='ltr' id='par_1_2' title="bbox 389 567 1536 748">
     <span class='ocr_line' id='line_1_2' title="bbox 389 567 1453 652; baseline -0.001 -20"><span class='ocrx_word' id='word_1_4' title='bbox 389 579 465 632; x_wconf 90' lang='lat' dir='ltr'><strong>Pers.</strong></span> <span class='ocrx_word' id='word_1_5' title='bbox 495 579 554 633; x_wconf 81' lang='grc'><strong>638</strong></span> <span class='ocrx_word' id='word_1_6' title='bbox 584 569 653 648; x_wconf 84' lang='lat' dir='ltr'><strong>(llll,</strong></span> <span class='ocrx_word' id='word_1_7' title='bbox 683 579 710 643; x_wconf 83' lang='lat' dir='ltr'><strong>t,</strong></span> <span class='ocrx_word' id='word_1_8' title='bbox 740 575 788 646; x_wconf 85' lang='lat'><strong>83)</strong></span> <span class='ocrx_word' id='word_1_9' title='bbox 824 574 925 648; x_wconf 76' lang='lat' dir='ltr'><strong>Lepide</strong></span> <span class='ocrx_word' id='word_1_10' title='bbox 941 576 1016 630; x_wconf 78' lang='lat' dir='ltr'><strong>lusit.</strong></span> <span class='ocrx_word' id='word_1_11' title='bbox 1035 567 1048 652; x_wconf 88' lang='grc' dir='ltr'><strong>Ι)</strong></span> <span class='ocrx_word' id='word_1_12' title='bbox 1064 577 1098 631; x_wconf 85' lang='lat' dir='ltr'><strong>At</strong></span> <span class='ocrx_word' id='word_1_13' title='bbox 1113 592 1164 647; x_wconf 78' lang='lat' dir='ltr'><strong>epo</strong></span> <span class='ocrx_word' id='word_1_14' title='bbox 1181 577 1301 645; x_wconf 87' lang='lat' dir='ltr'><strong>patriam</strong></span> <span class='ocrx_word' id='word_1_15' title='bbox 1316 583 1345 632; x_wconf 92' lang='lat' dir='ltr'><strong>te</strong></span> <span class='ocrx_word' id='word_1_16' title='bbox 1367 593 1453 646; x_wconf 84' lang='lat' dir='ltr'><strong>rogo,</strong></span> 
     </span>
     <span class='ocr_line' id='line_1_3' title="bbox 848 678 1064 748; baseline -0.009 -16"><span class='ocrx_word' id='word_1_17' title='bbox 848 678 983 748; x_wconf 88' lang='lat' dir='ltr'><strong>quaesit</strong></span> <span class='ocrx_word' id='word_1_18' title='bbox 1006 684 1064 733; x_wconf 88' lang='lat' dir='ltr'><strong>aut.</strong></span> 
     </span>
    </p>

    <p class='ocr_par' dir='ltr' id='par_1_3' title="bbox 389 775 1537 974">
     <span class='ocr_line' id='line_1_4' title="bbox 389 775 1452 858; baseline 0 -22"><span class='ocrx_word' id='word_1_19' title='bbox 389 783 466 836; x_wconf 85' lang='lat' dir='ltr'><strong>Trin.</strong></span> <span class='ocrx_word' id='word_1_20' title='bbox 497 785 555 837; x_wconf 72' lang='grc'><strong>832</strong></span> <span class='ocrx_word' id='word_1_21' title='bbox 586 775 656 857; x_wconf 89' lang='lat' dir='ltr'><strong>(llll,</strong></span> <span class='ocrx_word' id='word_1_22' title='bbox 685 787 713 849; x_wconf 85' lang='grc'><strong>2,</strong></span> <span class='ocrx_word' id='word_1_23' title='bbox 743 788 791 858; x_wconf 86' lang='grc'><strong>30)</strong></span> <span class='ocrx_word' id='word_1_24' title='bbox 827 779 1018 836; x_wconf 84' lang='lat' dir='ltr'><strong>Lesbonicum</strong></span> <span class='ocrx_word' id='word_1_25' title='bbox 1042 780 1085 836; x_wconf 88' lang='lat' dir='ltr'><strong>lu&#39;c</strong></span> <span class='ocrx_word' id='word_1_26' title='bbox 1102 781 1302 836; x_wconf 77' lang='lat' dir='ltr'><strong><em>adulescentem</em></strong></span> <span class='ocrx_word' id='word_1_27' title='bbox 1323 798 1452 852; x_wconf 85' lang='lat' dir='ltr'><strong>quaero,</strong></span> 
     </span>
     <span class='ocr_line' id='line_1_5' title="bbox 848 881 1359 954; baseline 0 -15"><span class='ocrx_word' id='word_1_28' title='bbox 848 885 877 939; x_wconf 76' lang='lat' dir='ltr'><strong>ia</strong></span> <span class='ocrx_word' id='word_1_29' title='bbox 901 883 943 938; x_wconf 80' lang='lat' dir='ltr'><strong>hie</strong></span> <span class='ocrx_word' id='word_1_30' title='bbox 965 881 1126 954; x_wconf 79' lang='lat' dir='ltr'><strong>repioaibus</strong></span> <span class='ocrx_word' id='word_1_31' title='bbox 1164 881 1215 938; x_wconf 90' lang='lat' dir='ltr'><strong>Vbi</strong></span> <span class='ocrx_word' id='word_1_32' title='bbox 1240 882 1359 940; x_wconf 87' lang='lat' dir='ltr'><strong>habitet.</strong></span> 
     </span>
    </p>

    <p class='ocr_par' dir='ltr' id='par_1_4' title="bbox 285 982 1537 1062">
     <span class='ocr_line' id='line_1_6' title="bbox 285 982 1537 1062; baseline -0.002 -18"><span class='ocrx_word' id='word_1_33' title='bbox 285 991 373 1044; x_wconf 89' lang='lat' dir='ltr'><strong>Plauti</strong></span> <span class='ocrx_word' id='word_1_34' title='bbox 389 989 466 1044; x_wconf 87' lang='lat' dir='ltr'><strong>Tria.</strong></span> <span class='ocrx_word' id='word_1_35' title='bbox 495 992 533 1042; x_wconf 92' lang='grc'><strong>88</strong></span> <span class='ocrx_word' id='word_1_36' title='bbox 563 988 594 1060; x_wconf 75' lang='lat' dir='ltr'><strong>ll,</strong></span> <span class='ocrx_word' id='word_1_37' title='bbox 623 994 652 1054; x_wconf 89' lang='grc'><strong>2,</strong></span> <span class='ocrx_word' id='word_1_38' title='bbox 681 982 730 1062; x_wconf 79' lang='grc'><strong>51)</strong></span> <span class='ocrx_word' id='word_1_39' title='bbox 830 985 888 1042; x_wconf 87' lang='lat' dir='ltr'><strong>Sed</strong></span> <span class='ocrx_word' id='word_1_40' title='bbox 901 987 974 1041; x_wconf 89' lang='lat' dir='ltr'><strong>istuc</strong></span> <span class='ocrx_word' id='word_1_41' title='bbox 985 987 1079 1057; x_wconf 80' lang='lat' dir='ltr'><strong>nepoti</strong></span> <span class='ocrx_word' id='word_1_42' title='bbox 1092 987 1178 1055; x_wconf 88' lang='lat' dir='ltr'><strong>cupio</strong></span> <span class='ocrx_word' id='word_1_43' title='bbox 1194 987 1279 1052; x_wconf 89' lang='lat' dir='ltr'><strong>scire,</strong></span> <span class='ocrx_word' id='word_1_44' title='bbox 1295 988 1366 1057; x_wconf 91' lang='lat' dir='ltr'><strong>quid</strong></span> <span class='ocrx_word' id='word_1_45' title='bbox 1381 989 1451 1044; x_wconf 89' lang='lat' dir='ltr'><strong>siet.</strong></span> <span class='ocrx_word' id='word_1_46' title='bbox 1536 983 1537 1008; x_wconf 64' lang='lat'>¹</span> 
     </span>
    </p>

    <p class='ocr_par' dir='ltr' id='par_1_5' title="bbox 392 1089 1451 1261">
     <span class='ocr_line' id='line_1_7' title="bbox 392 1089 1451 1162; baseline -0.001 -16"><span class='ocrx_word' id='word_1_47' title='bbox 392 1093 456 1146; x_wconf 89' lang='lat' dir='ltr'><strong>Cas.</strong></span> <span class='ocrx_word' id='word_1_48' title='bbox 484 1089 518 1159; x_wconf 82' lang='lat' dir='ltr'><strong>(l,</strong></span> <span class='ocrx_word' id='word_1_49' title='bbox 547 1095 574 1158; x_wconf 88' lang='lat' dir='ltr'><strong>l,</strong></span> <span class='ocrx_word' id='word_1_50' title='bbox 603 1089 653 1162; x_wconf 85' lang='lat'><strong>86)</strong></span> <span class='ocrx_word' id='word_1_51' title='bbox 682 1093 720 1145; x_wconf 89' lang='grc'><strong>86</strong></span> <span class='ocrx_word' id='word_1_52' title='bbox 828 1089 896 1144; x_wconf 80' lang='lat' dir='ltr'><strong>Amo</strong></span> <span class='ocrx_word' id='word_1_53' title='bbox 934 1095 959 1144; x_wconf 89' lang='lat' dir='ltr'><strong>te</strong></span> <span class='ocrx_word' id='word_1_54' title='bbox 996 1094 1079 1160; x_wconf 84' lang='lat' dir='ltr'><strong>atque</strong></span> <span class='ocrx_word' id='word_1_55' title='bbox 1112 1090 1186 1144; x_wconf 88' lang='lat' dir='ltr'><strong>istuc</strong></span> <span class='ocrx_word' id='word_1_56' title='bbox 1222 1096 1323 1158; x_wconf 82' lang='lat' dir='ltr'><strong>expeto</strong></span> <span class='ocrx_word' id='word_1_57' title='bbox 1360 1092 1451 1155; x_wconf 88' lang='lat' dir='ltr'><strong>scire,</strong></span> 
     </span>
     <span class='ocr_line' id='line_1_8' title="bbox 850 1190 989 1261; baseline -0.014 -16"><span class='ocrx_word' id='word_1_58' title='bbox 850 1190 920 1261; x_wconf 88' lang='lat' dir='ltr'><strong>quid</strong></span> <span class='ocrx_word' id='word_1_59' title='bbox 942 1191 989 1244; x_wconf 89' lang='lat' dir='ltr'><strong>sit.</strong></span> 
     </span>
    </p>

    <p class='ocr_par' dir='ltr' id='par_1_6' title="bbox 393 1271 1538 1366">
     <span class='ocr_line' id='line_1_9' title="bbox 393 1271 1538 1366; baseline 0 -15"><span class='ocrx_word' id='word_1_60' title='bbox 393 1295 465 1352; x_wconf 80' lang='lat' dir='ltr'><strong>llud.</strong></span> <span class='ocrx_word' id='word_1_61' title='bbox 494 1299 553 1352; x_wconf 79' lang='grc'><strong>353</strong></span> <span class='ocrx_word' id='word_1_62' title='bbox 582 1295 627 1364; x_wconf 89' lang='lat' dir='ltr'><strong>(ll,</strong></span> <span class='ocrx_word' id='word_1_63' title='bbox 655 1300 684 1362; x_wconf 87' lang='lat'><strong>3,</strong></span> <span class='ocrx_word' id='word_1_64' title='bbox 713 1294 762 1366; x_wconf 89' lang='grc'><strong>23)</strong></span> <span class='ocrx_word' id='word_1_65' title='bbox 827 1291 883 1350; x_wconf 88' lang='lat' dir='ltr'><strong>Sed</strong></span> <span class='ocrx_word' id='word_1_66' title='bbox 910 1296 980 1348; x_wconf 80' lang='lat' dir='ltr'><strong>letae</strong></span> <span class='ocrx_word' id='word_1_67' title='bbox 1008 1293 1147 1361; x_wconf 90' lang='lat' dir='ltr'><strong>periclum</strong></span> <span class='ocrx_word' id='word_1_68' title='bbox 1178 1292 1328 1363; x_wconf 75' lang='lat' dir='ltr'><strong><em>perlubet,</em></strong></span> <span class='ocrx_word' id='word_1_69' title='bbox 1368 1297 1453 1366; x_wconf 91' lang='lat' dir='ltr'><strong>quod</strong></span> <span class='ocrx_word' id='word_1_70' title='bbox 1537 1271 1538 1280; x_wconf 9' lang='grc' dir='ltr'>ἵ</span> 
     </span>
    </p>
   </div>
   <div class='ocr_carea' id='block_1_3' title="bbox 371 1393 1161 1558">
    <p class='ocr_par' dir='ltr' id='par_1_7' title="bbox 371 1393 1539 1568">
     <span class='ocr_line' id='line_1_10' title="bbox 852 1393 1161 1462; baseline -0.003 -12"><span class='ocrx_word' id='word_1_71' title='bbox 852 1393 1050 1462; x_wconf 76' lang='lat' dir='ltr'><strong>semitectis,</strong></span> <span class='ocrx_word' id='word_1_72' title='bbox 1076 1396 1161 1450; x_wconf 89' lang='lat' dir='ltr'><strong>scira.</strong></span> 
     </span>
     <span class='ocr_line' id='line_1_11' title="bbox 371 1476 856 1558; baseline 0.003 -18"><span class='ocrx_word' id='word_1_73' title='bbox 371 1480 448 1541; x_wconf 88' lang='lat' dir='ltr'><strong>lloio</strong></span> <span class='ocrx_word' id='word_1_74' title='bbox 464 1479 527 1558; x_wconf 35' lang='lat' dir='ltr'><strong>,logi</strong></span> <span class='ocrx_word' id='word_1_75' title='bbox 550 1477 673 1540; x_wconf 88' lang='lat' dir='ltr'><strong>obstare</strong></span> <span class='ocrx_word' id='word_1_76' title='bbox 696 1476 856 1538; x_wconf 88' lang='lat' dir='ltr'><strong>uidentur:</strong></span> 
     </span>
    </p>
   </div>
   <div class='ocr_carea' id='block_1_4' title="bbox 286 1580 1540 3920">
    <p class='ocr_par' dir='ltr' id='par_1_8' title="bbox 333 1580 1454 1759">
     <span class='ocr_line' id='line_1_12' title="bbox 333 1580 1454 1659; baseline -0.004 -15"><span class='ocrx_word' id='word_1_77' title='bbox 333 1589 359 1659; x_wconf 87' lang='lat' dir='ltr'><strong>t)</strong></span> <span class='ocrx_word' id='word_1_78' title='bbox 386 1590 469 1644; x_wconf 83' lang='lat' dir='ltr'><strong>Most.</strong></span> <span class='ocrx_word' id='word_1_79' title='bbox 498 1591 556 1644; x_wconf 76' lang='lat' dir='ltr'><strong>aaa</strong></span> <span class='ocrx_word' id='word_1_80' title='bbox 586 1580 618 1659; x_wconf 82' lang='lat'><strong>(1,</strong></span> <span class='ocrx_word' id='word_1_81' title='bbox 647 1589 675 1652; x_wconf 91' lang='lat'><strong>3,</strong></span> <span class='ocrx_word' id='word_1_82' title='bbox 704 1586 754 1654; x_wconf 83' lang='lat'><strong>97)</strong></span> <span class='ocrx_word' id='word_1_83' title='bbox 782 1583 841 1640; x_wconf 88' lang='lat' dir='ltr'><strong>Suo</strong></span> <span class='ocrx_word' id='word_1_84' title='bbox 858 1584 977 1656; x_wconf 84' lang='lat' dir='ltr'><strong>quidque</strong></span> <span class='ocrx_word' id='word_1_85' title='bbox 993 1581 1100 1640; x_wconf 79' lang='lat' dir='ltr'><strong>loeoot?</strong></span> <span class='ocrx_word' id='word_1_86' title='bbox 1122 1584 1190 1639; x_wconf 91' lang='lat' dir='ltr'><strong>uide</strong></span> <span class='ocrx_word' id='word_1_87' title='bbox 1205 1585 1347 1655; x_wconf 85' lang='lat' dir='ltr'><strong>capillum,</strong></span> <span class='ocrx_word' id='word_1_88' title='bbox 1372 1587 1454 1641; x_wconf 77' lang='lat' dir='ltr'><strong>satin</strong></span> 
     </span>
     <span class='ocr_line' id='line_1_13' title="bbox 489 1687 1210 1759; baseline 0 -19"><span class='ocrx_word' id='word_1_89' title='bbox 489 1735 490 1740; x_wconf 73' lang='grc'>,</span> <span class='ocrx_word' id='word_1_90' title='bbox 851 1687 1032 1759; x_wconf 69' lang='lat' dir='ltr'><strong>compositast</strong></span> <span class='ocrx_word' id='word_1_91' title='bbox 1057 1687 1210 1744; x_wconf 86' lang='lat' dir='ltr'><strong>commode.</strong></span> 
     </span>
    </p>

    <p class='ocr_par' dir='ltr' id='par_1_9' title="bbox 286 1781 1540 3920">
     <span class='ocr_line' id='line_1_14' title="bbox 287 1781 1455 1866; baseline -0.003 -17"><span class='ocrx_word' id='word_1_92' title='bbox 287 1790 328 1849; x_wconf 89' lang='lat' dir='ltr'><strong>lta</strong></span> <span class='ocrx_word' id='word_1_93' title='bbox 367 1788 489 1866; x_wconf 82' lang='lat' dir='ltr'><strong>scripsit</strong></span> <span class='ocrx_word' id='word_1_94' title='bbox 526 1785 651 1847; x_wconf 82' lang='lat' dir='ltr'><strong>Bitschl.</strong></span> <span class='ocrx_word' id='word_1_95' title='bbox 692 1784 726 1845; x_wconf 94' lang='lat' dir='ltr'><strong>ld</strong></span> <span class='ocrx_word' id='word_1_96' title='bbox 763 1781 846 1863; x_wconf 91' lang='lat' dir='ltr'><strong>quod</strong></span> <span class='ocrx_word' id='word_1_97' title='bbox 884 1782 955 1842; x_wconf 89' lang='lat' dir='ltr'><strong>libri</strong></span> <span class='ocrx_word' id='word_1_98' title='bbox 990 1782 1158 1862; x_wconf 79' lang='lat' dir='ltr'><strong><em>praebent:</em></strong></span> <span class='ocrx_word' id='word_1_99' title='bbox 1198 1784 1287 1844; x_wconf 83' lang='lat' dir='ltr'><strong>m&#39;dea</strong></span> <span class='ocrx_word' id='word_1_100' title='bbox 1323 1787 1455 1865; x_wconf 80' lang='lat' dir='ltr'><strong>capillus</strong></span> 
     </span>
     <span class='ocr_line' id='line_1_15' title="bbox 286 1885 1540 1970; baseline -0.003 -17"><span class='ocrx_word' id='word_1_101' title='bbox 286 1892 361 1954; x_wconf 80' lang='lat' dir='ltr'><strong>sutis</strong></span> <span class='ocrx_word' id='word_1_102' title='bbox 399 1890 586 1970; x_wconf 76' lang='lat' dir='ltr'><strong>coutposltaat</strong></span> <span class='ocrx_word' id='word_1_103' title='bbox 622 1886 781 1963; x_wconf 81' lang='lat' dir='ltr'><strong>commoda,</strong></span> <span class='ocrx_word' id='word_1_104' title='bbox 821 1885 931 1947; x_wconf 91' lang='lat' dir='ltr'><strong>idoneo</strong></span> <span class='ocrx_word' id='word_1_105' title='bbox 967 1901 1062 1946; x_wconf 90' lang='lat' dir='ltr'><strong>sensu</strong></span> <span class='ocrx_word' id='word_1_106' title='bbox 1099 1896 1197 1963; x_wconf 73' lang='lat' dir='ltr'><strong>caret,</strong></span> <span class='ocrx_word' id='word_1_107' title='bbox 1235 1906 1307 1948; x_wconf 90' lang='lat' dir='ltr'><strong>nam</strong></span> <span class='ocrx_word' id='word_1_108' title='bbox 1344 1888 1452 1950; x_wconf 83' lang='lat' dir='ltr'><strong>Phile·</strong></span> <span class='ocrx_word' id='word_1_109' title='bbox 1539 1895 1540 1902; x_wconf 75' lang='grc'>’</span> 
     </span>
     <span class='ocr_line' id='line_1_16' title="bbox 287 1987 1453 2071; baseline -0.004 -17"><span class='ocrx_word' id='word_1_110' title='bbox 287 1995 414 2055; x_wconf 90' lang='lat' dir='ltr'><strong>matium</strong></span> <span class='ocrx_word' id='word_1_111' title='bbox 432 1991 583 2071; x_wconf 83' lang='lat' dir='ltr'><strong>Scapham</strong></span> <span class='ocrx_word' id='word_1_112' title='bbox 599 2009 661 2050; x_wconf 93' lang='lat' dir='ltr'><strong>non</strong></span> <span class='ocrx_word' id='word_1_113' title='bbox 683 1990 870 2069; x_wconf 77' lang='lat' dir='ltr'><strong>interrogare</strong></span> <span class='ocrx_word' id='word_1_114' title='bbox 885 1987 988 2066; x_wconf 90' lang='lat' dir='ltr'><strong>debet,</strong></span> <span class='ocrx_word' id='word_1_115' title='bbox 1016 2006 1092 2049; x_wconf 92' lang='lat' dir='ltr'><strong>num</strong></span> <span class='ocrx_word' id='word_1_116' title='bbox 1107 1987 1223 2067; x_wconf 90' lang='lat' dir='ltr'><strong>uideat,</strong></span> <span class='ocrx_word' id='word_1_117' title='bbox 1251 2008 1342 2069; x_wconf 90' lang='lat' dir='ltr'><strong>quam</strong></span> <span class='ocrx_word' id='word_1_118' title='bbox 1360 2010 1453 2051; x_wconf 89' lang='lat' dir='ltr'><strong>com-</strong></span> 
     </span>
     <span class='ocr_line' id='line_1_17' title="bbox 286 2078 1451 2174; baseline -0.004 -17"><span class='ocrx_word' id='word_1_119' title='bbox 286 2094 377 2157; x_wconf 90' lang='lat' dir='ltr'><strong>mode</strong></span> <span class='ocrx_word' id='word_1_120' title='bbox 400 2094 530 2174; x_wconf 80' lang='lat' dir='ltr'><strong>capillus</strong></span> <span class='ocrx_word' id='word_1_121' title='bbox 553 2093 740 2172; x_wconf 88' lang='lat' dir='ltr'><strong>compositus</strong></span> <span class='ocrx_word' id='word_1_122' title='bbox 768 2094 824 2169; x_wconf 87' lang='lat' dir='ltr'><strong>sit,</strong></span> <span class='ocrx_word' id='word_1_123' title='bbox 859 2090 915 2152; x_wconf 90' lang='lat' dir='ltr'><strong>sed</strong></span> <span class='ocrx_word' id='word_1_124' title='bbox 936 2078 1148 2153; x_wconf 88' lang='lat' dir='ltr'><strong>Philematium</strong></span> <span class='ocrx_word' id='word_1_125' title='bbox 1177 2093 1309 2170; x_wconf 88' lang='lat' dir='ltr'><strong>incerta,</strong></span> <span class='ocrx_word' id='word_1_126' title='bbox 1343 2102 1451 2154; x_wconf 88' lang='lat' dir='ltr'><strong>utrum</strong></span> 
     </span>
     <span class='ocr_line' id='line_1_18' title="bbox 286 2194 1454 2278; baseline -0.002 -20"><span class='ocrx_word' id='word_1_127' title='bbox 286 2198 416 2278; x_wconf 85' lang='lat' dir='ltr'><strong>capillus</strong></span> <span class='ocrx_word' id='word_1_128' title='bbox 439 2196 520 2257; x_wconf 90' lang='lat' dir='ltr'><strong>bene</strong></span> <span class='ocrx_word' id='word_1_129' title='bbox 544 2196 731 2274; x_wconf 89' lang='lat' dir='ltr'><strong>compositus</strong></span> <span class='ocrx_word' id='word_1_130' title='bbox 754 2196 794 2255; x_wconf 93' lang='lat' dir='ltr'><strong>sit</strong></span> <span class='ocrx_word' id='word_1_131' title='bbox 815 2213 923 2272; x_wconf 89' lang='lat' dir='ltr'><strong>necne,</strong></span> <span class='ocrx_word' id='word_1_132' title='bbox 950 2194 1100 2273; x_wconf 87' lang='lat' dir='ltr'><strong>Scapham</strong></span> <span class='ocrx_word' id='word_1_133' title='bbox 1119 2203 1202 2273; x_wconf 78' lang='lat' dir='ltr'><strong>rogat</strong></span> <span class='ocrx_word' id='word_1_134' title='bbox 1223 2204 1259 2257; x_wconf 94' lang='lat' dir='ltr'><strong>ut</strong></span> <span class='ocrx_word' id='word_1_135' title='bbox 1280 2194 1384 2256; x_wconf 86' lang='lat' dir='ltr'><strong>uideat</strong></span> <span class='ocrx_word' id='word_1_136' title='bbox 1414 2194 1454 2275; x_wconf 89' lang='lat' dir='ltr'><strong>(et</strong></span> 
     </span>
     <span class='ocr_line' id='line_1_19' title="bbox 288 2296 1450 2379; baseline -0.005 -16"><span class='ocrx_word' id='word_1_137' title='bbox 288 2300 348 2363; x_wconf 90' lang='lat' dir='ltr'><strong>sibi</strong></span> <span class='ocrx_word' id='word_1_138' title='bbox 370 2298 475 2379; x_wconf 87' lang='lat' dir='ltr'><strong>dicat),</strong></span> <span class='ocrx_word' id='word_1_139' title='bbox 502 2296 657 2377; x_wconf 93' lang='lat' dir='ltr'><strong>quomodo</strong></span> <span class='ocrx_word' id='word_1_140' title='bbox 680 2297 809 2377; x_wconf 84' lang='lat' dir='ltr'><strong>capillus</strong></span> <span class='ocrx_word' id='word_1_141' title='bbox 831 2297 1017 2376; x_wconf 82' lang='lat' dir='ltr'><strong>compositus</strong></span> <span class='ocrx_word' id='word_1_142' title='bbox 1033 2299 1082 2376; x_wconf 89' lang='lat' dir='ltr'><strong>sit,</strong></span> <span class='ocrx_word' id='word_1_143' title='bbox 1109 2308 1213 2359; x_wconf 89' lang='lat' dir='ltr'><strong>utrum</strong></span> <span class='ocrx_word' id='word_1_144' title='bbox 1238 2307 1318 2359; x_wconf 90' lang='lat' dir='ltr'><strong>recte</strong></span> <span class='ocrx_word' id='word_1_145' title='bbox 1339 2317 1450 2360; x_wconf 86' lang='lat' dir='ltr'><strong>necne.</strong></span> 
     </span>
     <span class='ocr_line' id='line_1_20' title="bbox 286 2399 1452 2480; baseline -0.001 -16"><span class='ocrx_word' id='word_1_146' title='bbox 286 2405 389 2475; x_wconf 84' lang='lat' dir='ltr'><strong>Quare</strong></span> <span class='ocrx_word' id='word_1_147' title='bbox 411 2401 479 2463; x_wconf 83' lang='lat' dir='ltr'><strong>uide</strong></span> <span class='ocrx_word' id='word_1_148' title='bbox 501 2419 571 2461; x_wconf 90' lang='lat' dir='ltr'><strong>cum</strong></span> <span class='ocrx_word' id='word_1_149' title='bbox 589 2400 683 2460; x_wconf 94' lang='lat' dir='ltr'><strong>Nonio</strong></span> <span class='ocrx_word' id='word_1_150' title='bbox 711 2401 773 2478; x_wconf 84' lang='lat' dir='ltr'><strong>(qni</strong></span> <span class='ocrx_word' id='word_1_151' title='bbox 796 2419 866 2480; x_wconf 82' lang='lat' dir='ltr'><strong>pag.</strong></span> <span class='ocrx_word' id='word_1_152' title='bbox 895 2401 965 2478; x_wconf 89' lang='lat' dir='ltr'><strong>l98,</strong></span> <span class='ocrx_word' id='word_1_153' title='bbox 991 2401 1030 2460; x_wconf 81' lang='lat'><strong>20</strong></span> <span class='ocrx_word' id='word_1_154' title='bbox 1055 2400 1138 2460; x_wconf 88' lang='lat' dir='ltr'><strong>hunc</strong></span> <span class='ocrx_word' id='word_1_155' title='bbox 1159 2419 1286 2462; x_wconf 90' lang='lat' dir='ltr'><strong>uersum</strong></span> <span class='ocrx_word' id='word_1_156' title='bbox 1310 2401 1354 2462; x_wconf 92' lang='lat' dir='ltr'><strong>sic</strong></span> <span class='ocrx_word' id='word_1_157' title='bbox 1375 2399 1452 2463; x_wconf 85' lang='lat' dir='ltr'><strong>lau-</strong></span> 
     </span>
     <span class='ocr_line' id='line_1_21' title="bbox 287 2502 1453 2584; baseline -0.003 -17"><span class='ocrx_word' id='word_1_158' title='bbox 287 2504 358 2567; x_wconf 88' lang='lat' dir='ltr'><strong>dat:</strong></span> <span class='ocrx_word' id='word_1_159' title='bbox 392 2503 462 2565; x_wconf 83' lang='lat' dir='ltr'><strong>uide</strong></span> <span class='ocrx_word' id='word_1_160' title='bbox 493 2502 635 2584; x_wconf 83' lang='lat' dir='ltr'><strong>capillum</strong></span> <span class='ocrx_word' id='word_1_161' title='bbox 667 2503 748 2564; x_wconf 79' lang='lat' dir='ltr'><strong>rolla</strong></span> <span class='ocrx_word' id='word_1_162' title='bbox 777 2503 970 2583; x_wconf 77' lang='lat' dir='ltr'><strong>compositum</strong></span> <span class='ocrx_word' id='word_1_163' title='bbox 1000 2503 1039 2564; x_wconf 81' lang='lat' dir='ltr'><strong>sil</strong></span> <span class='ocrx_word' id='word_1_164' title='bbox 1066 2502 1223 2584; x_wconf 82' lang='lat' dir='ltr'><strong>commoda)</strong></span> <span class='ocrx_word' id='word_1_165' title='bbox 1251 2502 1453 2566; x_wconf 87' lang='lat' dir='ltr'><strong>scribendum</strong></span> 
     </span>
     <span class='ocr_line' id='line_1_22' title="bbox 287 2605 1451 2687; baseline -0.001 -18"><span class='ocrx_word' id='word_1_166' title='bbox 287 2618 344 2669; x_wconf 87' lang='lat' dir='ltr'><strong>ast.</strong></span> <span class='ocrx_word' id='word_1_167' title='bbox 385 2607 502 2668; x_wconf 92' lang='lat' dir='ltr'><strong>Nonius</strong></span> <span class='ocrx_word' id='word_1_168' title='bbox 524 2615 639 2683; x_wconf 88' lang='lat' dir='ltr'><strong>antem,</strong></span> <span class='ocrx_word' id='word_1_169' title='bbox 666 2606 719 2683; x_wconf 91' lang='lat' dir='ltr'><strong>qui</strong></span> <span class='ocrx_word' id='word_1_170' title='bbox 743 2605 800 2665; x_wconf 93' lang='lat' dir='ltr'><strong>hoc</strong></span> <span class='ocrx_word' id='word_1_171' title='bbox 821 2624 917 2686; x_wconf 77' lang='lat' dir='ltr'><strong>uersu</strong></span> <span class='ocrx_word' id='word_1_172' title='bbox 940 2605 1151 2667; x_wconf 87' lang='lat' dir='ltr'><strong>demonstrare</strong></span> <span class='ocrx_word' id='word_1_173' title='bbox 1174 2606 1281 2668; x_wconf 79' lang='lat' dir='ltr'><strong>studet</strong></span> <span class='ocrx_word' id='word_1_174' title='bbox 1308 2607 1451 2687; x_wconf 81' lang='lat' dir='ltr'><strong>capillum</strong></span> 
     </span>
     <span class='ocr_line' id='line_1_23' title="bbox 287 2707 1451 2789; baseline -0.003 -17"><span class='ocrx_word' id='word_1_175' title='bbox 287 2730 393 2772; x_wconf 87' lang='lat' dir='ltr'><strong>uocem</strong></span> <span class='ocrx_word' id='word_1_176' title='bbox 416 2728 528 2789; x_wconf 84' lang='lat' dir='ltr'><strong>genere</strong></span> <span class='ocrx_word' id='word_1_177' title='bbox 551 2717 660 2768; x_wconf 90' lang='lat' dir='ltr'><strong>neutro</strong></span> <span class='ocrx_word' id='word_1_178' title='bbox 683 2707 821 2769; x_wconf 89' lang='lat' dir='ltr'><strong>aPlauto</strong></span> <span class='ocrx_word' id='word_1_179' title='bbox 836 2707 1005 2770; x_wconf 84' lang='lat' dir='ltr'><strong>adhibitam</strong></span> <span class='ocrx_word' id='word_1_180' title='bbox 1022 2726 1101 2785; x_wconf 91' lang='lat' dir='ltr'><strong>esse,</strong></span> <span class='ocrx_word' id='word_1_181' title='bbox 1128 2709 1195 2786; x_wconf 89' lang='lat' dir='ltr'><strong>ipse</strong></span> <span class='ocrx_word' id='word_1_182' title='bbox 1218 2727 1320 2769; x_wconf 89' lang='lat' dir='ltr'><strong>errore</strong></span> <span class='ocrx_word' id='word_1_183' title='bbox 1342 2727 1451 2770; x_wconf 86' lang='lat' dir='ltr'><strong>eorum</strong></span> 
     </span>
     <span class='ocr_line' id='line_1_24' title="bbox 288 2808 1448 2891; baseline -0.003 -16"><span class='ocrx_word' id='word_1_184' title='bbox 288 2813 436 2875; x_wconf 91' lang='lat' dir='ltr'><strong>librorum</strong></span> <span class='ocrx_word' id='word_1_185' title='bbox 466 2811 614 2889; x_wconf 88' lang='lat' dir='ltr'><strong>deceptus</strong></span> <span class='ocrx_word' id='word_1_186' title='bbox 644 2829 712 2870; x_wconf 91' lang='lat' dir='ltr'><strong>esse</strong></span> <span class='ocrx_word' id='word_1_187' title='bbox 742 2808 881 2887; x_wconf 89' lang='lat' dir='ltr'><strong>uidetur,</strong></span> <span class='ocrx_word' id='word_1_188' title='bbox 923 2830 962 2871; x_wconf 84' lang='lat' dir='ltr'><strong>ex</strong></span> <span class='ocrx_word' id='word_1_189' title='bbox 992 2810 1108 2890; x_wconf 89' lang='lat' dir='ltr'><strong>quibus</strong></span> <span class='ocrx_word' id='word_1_190' title='bbox 1138 2809 1274 2873; x_wconf 89' lang='lat' dir='ltr'><strong>Plautina</strong></span> <span class='ocrx_word' id='word_1_191' title='bbox 1305 2813 1448 2891; x_wconf 86' lang='lat' dir='ltr'><strong>sumpsit,</strong></span> 
     </span>
     <span class='ocr_line' id='line_1_25' title="bbox 289 2912 1454 2995; baseline -0.001 -19"><span class='ocrx_word' id='word_1_192' title='bbox 289 2917 405 2995; x_wconf 85' lang='lat' dir='ltr'><strong>quippe</strong></span> <span class='ocrx_word' id='word_1_193' title='bbox 428 2916 459 2975; x_wconf 92' lang='lat' dir='ltr'><strong>in</strong></span> <span class='ocrx_word' id='word_1_194' title='bbox 483 2913 599 2993; x_wconf 90' lang='lat' dir='ltr'><strong>quibus</strong></span> <span class='ocrx_word' id='word_1_195' title='bbox 614 2912 773 2993; x_wconf 83' lang='lat' dir='ltr'><strong>capillum.</strong></span> <span class='ocrx_word' id='word_1_196' title='bbox 787 2961 793 2973; x_wconf 94' lang='lat'><strong>.</strong></span> <span class='ocrx_word' id='word_1_197' title='bbox 808 2962 815 2973; x_wconf 94' lang='lat'><strong>.</strong></span> <span class='ocrx_word' id='word_1_198' title='bbox 835 2914 1053 2994; x_wconf 83' lang='lat' dir='ltr'><strong>coarpoa&#39;tumst</strong></span> <span class='ocrx_word' id='word_1_199' title='bbox 1067 2923 1228 2993; x_wconf 89' lang='lat' dir='ltr'><strong>peccatum</strong></span> <span class='ocrx_word' id='word_1_200' title='bbox 1245 2915 1342 2977; x_wconf 88' lang='lat' dir='ltr'><strong>luisse</strong></span> <span class='ocrx_word' id='word_1_201' title='bbox 1357 2914 1454 2976; x_wconf 91' lang='lat' dir='ltr'><strong>uide-</strong></span> 
     </span>
     <span class='ocr_line' id='line_1_26' title="bbox 288 3014 1452 3094; baseline -0.001 -16"><span class='ocrx_word' id='word_1_202' title='bbox 288 3028 349 3078; x_wconf 90' lang='lat' dir='ltr'><strong>tur.</strong></span> <span class='ocrx_word' id='word_1_203' title='bbox 389 3018 491 3088; x_wconf 85' lang='lat' dir='ltr'><strong>Quare</strong></span> <span class='ocrx_word' id='word_1_204' title='bbox 507 3014 622 3076; x_wconf 80' lang='lat' dir='ltr'><strong>nilschl</strong></span> <span class='ocrx_word' id='word_1_205' title='bbox 639 3015 782 3094; x_wconf 81' lang='lat' dir='ltr'><strong>capillum</strong></span> <span class='ocrx_word' id='word_1_206' title='bbox 801 3017 1012 3078; x_wconf 86' lang='lat' dir='ltr'><strong>accusatiuum</strong></span> <span class='ocrx_word' id='word_1_207' title='bbox 1036 3014 1117 3077; x_wconf 87' lang='lat' dir='ltr'><strong>duee</strong></span> <span class='ocrx_word' id='word_1_208' title='bbox 1139 3015 1202 3078; x_wconf 87' lang='lat' dir='ltr'><strong>lere</strong></span> <span class='ocrx_word' id='word_1_209' title='bbox 1226 3017 1321 3077; x_wconf 91' lang='lat' dir='ltr'><strong>Nonio</strong></span> <span class='ocrx_word' id='word_1_210' title='bbox 1344 3017 1452 3078; x_wconf 91' lang='lat' dir='ltr'><strong>inuitis</strong></span> 
     </span>
     <span class='ocr_line' id='line_1_27' title="bbox 289 3117 1453 3199; baseline 0 -19"><span class='ocrx_word' id='word_1_211' title='bbox 289 3120 374 3180; x_wconf 88' lang='lat' dir='ltr'><strong>libris</strong></span> <span class='ocrx_word' id='word_1_212' title='bbox 396 3119 543 3180; x_wconf 83' lang='lat' dir='ltr'><strong>Plautinis</strong></span> <span class='ocrx_word' id='word_1_213' title='bbox 574 3117 773 3180; x_wconf 90' lang='lat' dir='ltr'><strong>statuendum</strong></span> <span class='ocrx_word' id='word_1_214' title='bbox 797 3137 866 3180; x_wconf 89' lang='lat' dir='ltr'><strong>esse</strong></span> <span class='ocrx_word' id='word_1_215' title='bbox 889 3119 1020 3199; x_wconf 89' lang='lat' dir='ltr'><strong>putauit.</strong></span> <span class='ocrx_word' id='word_1_216' title='bbox 1063 3120 1141 3180; x_wconf 86' lang='lat' dir='ltr'><strong>Cum</strong></span> <span class='ocrx_word' id='word_1_217' title='bbox 1172 3139 1246 3182; x_wconf 90' lang='lat' dir='ltr'><strong>uero</strong></span> <span class='ocrx_word' id='word_1_218' title='bbox 1274 3120 1332 3180; x_wconf 89' lang='lat' dir='ltr'><strong>hoe</strong></span> <span class='ocrx_word' id='word_1_219' title='bbox 1359 3119 1453 3180; x_wconf 94' lang='lat' dir='ltr'><strong>modo</strong></span> 
     </span>
     <span class='ocr_line' id='line_1_28' title="bbox 287 3207 1452 3302; baseline -0.001 -19"><span class='ocrx_word' id='word_1_220' title='bbox 287 3222 514 3301; x_wconf 84' lang='lat' dir='ltr'><strong>anticipationis</strong></span> <span class='ocrx_word' id='word_1_221' title='bbox 530 3229 683 3283; x_wconf 89' lang='lat' dir='ltr'><strong>structura</strong></span> <span class='ocrx_word' id='word_1_222' title='bbox 700 3222 882 3300; x_wconf 81' lang='lat' dir='ltr'><strong>alliceretur,</strong></span> <span class='ocrx_word' id='word_1_223' title='bbox 902 3223 933 3282; x_wconf 91' lang='lat' dir='ltr'><strong>in</strong></span> <span class='ocrx_word' id='word_1_224' title='bbox 950 3222 1108 3283; x_wconf 89' lang='lat' dir='ltr'><strong>enuntiato</strong></span> <span class='ocrx_word' id='word_1_225' title='bbox 1125 3207 1342 3302; x_wconf 79' lang='lat' dir='ltr'><strong>interrogatiuo</strong></span> <span class='ocrx_word' id='word_1_226' title='bbox 1362 3223 1452 3284; x_wconf 88' lang='lat' dir='ltr'><strong>uerbi</strong></span> 
     </span>
     <span class='ocr_line' id='line_1_29' title="bbox 288 3308 1452 3404; baseline 0 -19"><span class='ocrx_word' id='word_1_227' title='bbox 288 3323 503 3386; x_wconf 90' lang='lat' dir='ltr'><strong>coniunctiuus</strong></span> <span class='ocrx_word' id='word_1_228' title='bbox 531 3322 694 3404; x_wconf 91' lang='lat' dir='ltr'><strong>ponendus</strong></span> <span class='ocrx_word' id='word_1_229' title='bbox 724 3323 849 3402; x_wconf 59' lang='lat' dir='ltr'><strong>fuissem</strong></span> <span class='ocrx_word' id='word_1_230' title='bbox 882 3324 986 3403; x_wconf 90' lang='lat' dir='ltr'><strong>itaque</strong></span> <span class='ocrx_word' id='word_1_231' title='bbox 1013 3342 1083 3386; x_wconf 92' lang='lat' dir='ltr'><strong>cum</strong></span> <span class='ocrx_word' id='word_1_232' title='bbox 1113 3322 1183 3384; x_wconf 93' lang='lat' dir='ltr'><strong>libri</strong></span> <span class='ocrx_word' id='word_1_233' title='bbox 1206 3308 1337 3386; x_wconf 75' lang='lat' dir='ltr'><strong>Plautini</strong></span> <span class='ocrx_word' id='word_1_234' title='bbox 1364 3325 1452 3386; x_wconf 90' lang='lat' dir='ltr'><strong>indi-</strong></span> 
     </span>
     <span class='ocr_line' id='line_1_30' title="bbox 288 3426 1452 3505; baseline 0.002 -17"><span class='ocrx_word' id='word_1_235' title='bbox 288 3429 423 3490; x_wconf 84' lang='lat' dir='ltr'><strong>catiuum</strong></span> <span class='ocrx_word' id='word_1_236' title='bbox 453 3427 638 3505; x_wconf 86' lang='lat' dir='ltr'><strong>exhibeant,</strong></span> <span class='ocrx_word' id='word_1_237' title='bbox 671 3426 895 3488; x_wconf 89' lang='lat' dir='ltr'><strong>nominatiuum</strong></span> <span class='ocrx_word' id='word_1_238' title='bbox 923 3427 1045 3505; x_wconf 82' lang='lat' dir='ltr'><strong>generis</strong></span> <span class='ocrx_word' id='word_1_239' title='bbox 1076 3427 1236 3489; x_wconf 88' lang='lat' dir='ltr'><strong>masculini</strong></span> <span class='ocrx_word' id='word_1_240' title='bbox 1266 3447 1337 3489; x_wconf 90' lang='lat' dir='ltr'><strong>enm</strong></span> <span class='ocrx_word' id='word_1_241' title='bbox 1361 3427 1452 3490; x_wconf 82' lang='lat' dir='ltr'><strong>libris</strong></span> 
     </span>
     <span class='ocr_line' id='line_1_31' title="bbox 288 3531 1453 3611; baseline 0.003 -22"><span class='ocrx_word' id='word_1_242' title='bbox 288 3532 435 3592; x_wconf 86' lang='lat' dir='ltr'><strong>Plautinis</strong></span> <span class='ocrx_word' id='word_1_243' title='bbox 457 3539 560 3590; x_wconf 87' lang='lat' dir='ltr'><strong>eontra</strong></span> <span class='ocrx_word' id='word_1_244' title='bbox 578 3531 710 3591; x_wconf 92' lang='lat' dir='ltr'><strong>Nonium</strong></span> <span class='ocrx_word' id='word_1_245' title='bbox 733 3538 860 3609; x_wconf 89' lang='lat' dir='ltr'><strong>propter</strong></span> <span class='ocrx_word' id='word_1_246' title='bbox 875 3538 1008 3591; x_wconf 90' lang='lat' dir='ltr'><strong>metrum</strong></span> <span class='ocrx_word' id='word_1_247' title='bbox 1024 3547 1148 3604; x_wconf 88' lang='lat' dir='ltr'><strong>seruare</strong></span> <span class='ocrx_word' id='word_1_248' title='bbox 1164 3540 1195 3590; x_wconf 89' lang='lat' dir='ltr'><strong>et</strong></span> <span class='ocrx_word' id='word_1_249' title='bbox 1218 3531 1298 3606; x_wconf 80' lang='lat' dir='ltr'><strong>uida,</strong></span> <span class='ocrx_word' id='word_1_250' title='bbox 1325 3532 1453 3611; x_wconf 82' lang='lat' dir='ltr'><strong>capillus</strong></span> 
     </span>
     <span class='ocr_line' id='line_1_32' title="bbox 287 3630 1451 3714; baseline -0.003 -17"><span class='ocrx_word' id='word_1_251' title='bbox 287 3638 367 3698; x_wconf 82' lang='lat' dir='ltr'><strong>salla</strong></span> <span class='ocrx_word' id='word_1_252' title='bbox 390 3635 582 3714; x_wconf 72' lang='lat' dir='ltr'><strong>compositust</strong></span> <span class='ocrx_word' id='word_1_253' title='bbox 602 3631 738 3692; x_wconf 90' lang='lat' dir='ltr'><strong>scrihere</strong></span> <span class='ocrx_word' id='word_1_254' title='bbox 761 3630 925 3692; x_wconf 91' lang='lat' dir='ltr'><strong>debemus.</strong></span> <span class='ocrx_word' id='word_1_255' title='bbox 959 3634 1051 3694; x_wconf 87' lang='lat' dir='ltr'><strong>Recte</strong></span> <span class='ocrx_word' id='word_1_256' title='bbox 1073 3631 1198 3711; x_wconf 90' lang='lat' dir='ltr'><strong>quidem</strong></span> <span class='ocrx_word' id='word_1_257' title='bbox 1221 3634 1282 3694; x_wconf 90' lang='lat' dir='ltr'><strong>iam</strong></span> <span class='ocrx_word' id='word_1_258' title='bbox 1298 3633 1451 3694; x_wconf 87' lang='lat' dir='ltr'><strong>Kretsoh-</strong></span> 
     </span>
     <span class='ocr_line' id='line_1_33' title="bbox 289 3732 1447 3818; baseline -0.001 -20"><span class='ocrx_word' id='word_1_259' title='bbox 289 3757 353 3798; x_wconf 88' lang='lat' dir='ltr'><strong>mer</strong></span> <span class='ocrx_word' id='word_1_260' title='bbox 364 3739 381 3818; x_wconf 73' lang='grc' dir='ltr'><strong>ι)</strong></span> <span class='ocrx_word' id='word_1_261' title='bbox 400 3735 624 3798; x_wconf 90' lang='lat' dir='ltr'><strong>nominatiuum</strong></span> <span class='ocrx_word' id='word_1_262' title='bbox 634 3732 823 3795; x_wconf 88' lang='lat' dir='ltr'><strong>seruandum</strong></span> <span class='ocrx_word' id='word_1_263' title='bbox 836 3753 907 3795; x_wconf 92' lang='lat' dir='ltr'><strong>esse</strong></span> <span class='ocrx_word' id='word_1_264' title='bbox 919 3736 1046 3809; x_wconf 89' lang='lat' dir='ltr'><strong>monnit;</strong></span> <span class='ocrx_word' id='word_1_265' title='bbox 1063 3745 1197 3796; x_wconf 88' lang='lat' dir='ltr'><strong>attamen</strong></span> <span class='ocrx_word' id='word_1_266' title='bbox 1209 3755 1278 3797; x_wconf 92' lang='lat' dir='ltr'><strong>cum</strong></span> <span class='ocrx_word' id='word_1_267' title='bbox 1292 3737 1447 3816; x_wconf 85' lang='lat' dir='ltr'><strong>exempla,</strong></span> 
     </span>
     <span class='ocr_line' id='line_1_34' title="bbox 288 3835 1444 3920; baseline 0.001 -19"><span class='ocrx_word' id='word_1_268' title='bbox 288 3840 403 3920; x_wconf 90' lang='lat' dir='ltr'><strong>quibus</strong></span> <span class='ocrx_word' id='word_1_269' title='bbox 432 3838 657 3900; x_wconf 82' lang='lat' dir='ltr'><strong>nourinatiuum</strong></span> <span class='ocrx_word' id='word_1_270' title='bbox 680 3835 835 3915; x_wconf 83' lang='lat' dir='ltr'><strong>defendat,</strong></span> <span class='ocrx_word' id='word_1_271' title='bbox 870 3835 989 3898; x_wconf 89' lang='lat' dir='ltr'><strong>laudet:</strong></span> <span class='ocrx_word' id='word_1_272' title='bbox 1017 3836 1127 3899; x_wconf 89' lang='lat' dir='ltr'><strong>Pseud.</strong></span> <span class='ocrx_word' id='word_1_273' title='bbox 1156 3839 1229 3918; x_wconf 79' lang='lat'><strong>935,</strong></span> <span class='ocrx_word' id='word_1_274' title='bbox 1256 3842 1343 3901; x_wconf 86' lang='lat' dir='ltr'><strong>hlost.</strong></span> <span class='ocrx_word' id='word_1_275' title='bbox 1372 3841 1444 3902; x_wconf 79' lang='lat' dir='ltr'><strong>tao.</strong></span> 
     </span>
    </p>
   </div>
   <div class='ocr_carea' id='block_1_5' title="bbox 287 3964 492 3973">
    <p class='ocr_par' dir='ltr' id='par_1_10' title="bbox 287 3964 492 3973">
     <span class='ocr_line' id='line_1_35' title="bbox 287 3964 492 3973; baseline -0.01 -1"><span class='ocrx_word' id='word_1_276' title='bbox 287 3964 492 3973; x_wconf 57' lang='lat' dir='ltr'>w-——u-</span> 
     </span>
    </p>
   </div>
   <div class='ocr_carea' id='block_1_6' title="bbox 289 4010 1450 4246">
    <p class='ocr_par' dir='ltr' id='par_1_11' title="bbox 289 4010 1450 4246">
     <span class='ocr_line' id='line_1_36' title="bbox 291 4010 1450 4074; baseline -0.001 -10"><span class='ocrx_word' id='word_1_277' title='bbox 291 4015 429 4065; x_wconf 79' lang='lat' dir='ltr'><strong>Ttbtctrmm</strong></span> <span class='ocrx_word' id='word_1_278' title='bbox 441 4013 521 4071; x_wconf 80' lang='lat' dir='ltr'><strong>illam,</strong></span> <span class='ocrx_word' id='word_1_279' title='bbox 543 4018 695 4074; x_wconf 77' lang='lat' dir='ltr'><strong>tamquam</strong></span> <span class='ocrx_word' id='word_1_280' title='bbox 712 4016 806 4074; x_wconf 74' lang='lat' dir='ltr'><strong>artatam</strong></span> <span class='ocrx_word' id='word_1_281' title='bbox 824 4013 935 4072; x_wconf 76' lang='lat' dir='ltr'><strong>tepeat,</strong></span> <span class='ocrx_word' id='word_1_282' title='bbox 957 4010 995 4060; x_wconf 84' lang='lat' dir='ltr'><strong>lla</strong></span> <span class='ocrx_word' id='word_1_283' title='bbox 1013 4012 1207 4061; x_wconf 69' lang='lat' dir='ltr'><strong>demandarem</strong></span> <span class='ocrx_word' id='word_1_284' title='bbox 1226 4012 1307 4074; x_wconf 78' lang='lat' dir='ltr'><strong>lepide</strong></span> <span class='ocrx_word' id='word_1_285' title='bbox 1325 4013 1450 4074; x_wconf 72' lang='lat' dir='ltr'><strong>lumem,</strong></span> 
     </span>
     <span class='ocr_line' id='line_1_37' title="bbox 289 4097 1374 4162; baseline -0.003 -12"><span class='ocrx_word' id='word_1_286' title='bbox 289 4099 335 4150; x_wconf 91' lang='lat' dir='ltr'><strong>ubi</strong></span> <span class='ocrx_word' id='word_1_287' title='bbox 353 4099 524 4149; x_wconf 88' lang='lat' dir='ltr'><strong>accusatiuus</strong></span> <span class='ocrx_word' id='word_1_288' title='bbox 542 4097 595 4146; x_wconf 90' lang='lat' dir='ltr'><strong>alio</strong></span> <span class='ocrx_word' id='word_1_289' title='bbox 614 4110 678 4147; x_wconf 88' lang='lat' dir='ltr'><strong>casu</strong></span> <span class='ocrx_word' id='word_1_290' title='bbox 697 4097 864 4160; x_wconf 89' lang='lat' dir='ltr'><strong>pronominis</strong></span> <span class='ocrx_word' id='word_1_291' title='bbox 883 4097 1085 4146; x_wconf 86' lang='lat' dir='ltr'><strong>demonstratiui</strong></span> <span class='ocrx_word' id='word_1_292' title='bbox 1105 4098 1214 4162; x_wconf 84' lang='lat' dir='ltr'><strong>saepius</strong></span> <span class='ocrx_word' id='word_1_293' title='bbox 1233 4099 1374 4162; x_wconf 87' lang='lat' dir='ltr'><strong>repetitur.</strong></span> 
     </span>
     <span class='ocr_line' id='line_1_38' title="bbox 359 4182 1073 4246; baseline -0.001 -15"><span class='ocrx_word' id='word_1_294' title='bbox 359 4186 380 4245; x_wconf 82' lang='lat' dir='ltr'><strong>l]</strong></span> <span class='ocrx_word' id='word_1_295' title='bbox 402 4185 509 4244; x_wconf 83' lang='lat' dir='ltr'><strong>Quaest.</strong></span> <span class='ocrx_word' id='word_1_296' title='bbox 530 4182 641 4233; x_wconf 84' lang='lat' dir='ltr'><strong>Plautia.</strong></span> <span class='ocrx_word' id='word_1_297' title='bbox 663 4182 769 4234; x_wconf 85' lang='lat' dir='ltr'><strong>dissert.</strong></span> <span class='ocrx_word' id='word_1_298' title='bbox 790 4182 894 4232; x_wconf 83' lang='lat' dir='ltr'><strong>vratisl.</strong></span> <span class='ocrx_word' id='word_1_299' title='bbox 916 4183 981 4231; x_wconf 73' lang='grc'><strong>2863</strong></span> <span class='ocrx_word' id='word_1_300' title='bbox 1001 4196 1026 4246; x_wconf 92' lang='lat' dir='ltr'><strong>p.</strong></span> <span class='ocrx_word' id='word_1_301' title='bbox 1049 4187 1073 4231; x_wconf 85' lang='lat' dir='ltr'><strong>t.</strong></span> 
     </span>
    </p>
   </div>
   <div class='ocr_carea' id='block_1_7' title="bbox 0 0 1550 5024">
    <p class='ocr_par' dir='ltr' id='par_1_12' title="bbox 0 0 1550 5024">
     <span class='ocr_line' id='line_1_39' title="bbox 0 0 1550 5024; baseline 0 0"><span class='ocrx_word' id='word_1_302' title='bbox 0 0 1550 5024; x_wconf 95' lang='lat' dir='ltr'><strong> </strong></span> 
     </span>
    </p>
   </div>
  </div>
 </body>
</html>
