3116 5020
237 463 239 466 ,
321 398 383 459 240
751 396 906 458 Envsnnvs
929 398 1055 458 Brunca.

322 576 361 630 Pl.
388 576 462 630 lien.
491 578 550 632 rit
580 566 622 648 (V,
652 577 679 642 l,
708 573 756 647 ll)
784 571 876 642 Quem
899 581 929 629 tu
945 562 1040 654 (med)
1057 573 1195 629 bominem
1214 561 1305 654 (esse)
1328 571 1473 639 arbitrare,

888 678 996 745 nescio,

777 779 835 851 Epo
860 788 884 835 tc
905 781 997 835 similo
1020 783 1106 836 noui
1128 797 1191 836 com
1214 777 1381 836 Portlmooc.

321 878 383 940 Sed
406 881 466 939 iam
489 878 588 940 Luchs
616 877 658 961 (in
681 878 809 939 Hermae
833 876 894 938 uol.
914 876 951 938 Vl
974 895 1043 958 pag.
1064 877 1137 960 266]
1158 878 1307 940 arbitrere
1331 877 1477 938 coniunc-

321 984 421 1043 tiuum
447 991 525 1042 recte
549 981 690 1042 restituit.

883 1167 916 1250 Β)

386 1347 582 1437 iuterrogatio
604 1357 719 1437 pendet
740 1376 779 1418 ex
801 1357 1059 1418 allirmatiuo
1081 1359 1240 1419 enuntiato
1261 1347 1419 1437 primario.

413 1548 478 1608 Huc
499 1547 654 1625 pertinent
674 1565 729 1607 eae
752 1549 1014 1626 interrogationes²
1041 1567 1120 1627 quae
1143 1565 1182 1609 ex
1204 1546 1335 1622 dicendi,
1360 1545 1480 1620 sciendi,

323 1649 474 1722 ordiendi,
493 1648 618 1710 uidendi
633 1649 702 1710 ollis
716 1649 822 1710 uerbis
844 1649 991 1731 pendent.
1032 1651 1065 1710 ln
1081 1651 1130 1711 his
1145 1650 1228 1732 apud
1250 1651 1367 1730 priscos
1383 1648 1482 1728 scrip-

323 1761 403 1813 tores
418 1751 529 1813 latinos
552 1752 585 1811 in
606 1751 788 1813 uniuersum
813 1751 938 1814 eaedem
955 1752 1038 1834 leges
1056 1752 1213 1833 ualebant‚
1241 1771 1320 1833 quae
1342 1771 1359 1812 a
1384 1751 1483 1829 scrip-

324 1970 413 2008 moror
424 1959 567 2019 ductarier,
588 1957 684 2008 Bacch.
700 1961 748 2007 sis
761 1959 849 2022 Apops
867 1961 929 2010 istos
947 1974 963 2010 a
980 1973 1021 2010 mc
1032 1972 1145 2019 sorores,
1165 1973 1232 2024 quoa
1243 1960 1376 2009 bornicum
1390 1957 1485 2006 sorbent

324 2047 485 2108 sanquinem,
504 2043 585 2093 Merc.
608 2046 654 2094 tit
675 2044 762 2108 Apopc
779 2047 921 2097 istiusmodi
937 2046 1056 2106 satutem,
1078 2057 1136 2096 cum
1153 2047 1272 2096 cmccioto
1289 2057 1355 2110 quoe
1375 2044 1483 2099 aduenit,

325 2130 391 2180 liud.
413 2133 462 2179 826
485 2128 587 2193 Apopc:
614 2133 819 2191 controuersiam,
841 2132 916 2181 llost.
938 2134 988 2180 ist
1006 2131 1107 2195 Apops,
1132 2144 1216 2195 opopa
1234 2137 1258 2183 tc
1275 2145 1292 2182 a
1308 2143 1350 2181 me
1367 2131 1486 2180 nondam

322 2218 464 2279 posthunc
482 2217 564 2266 diem:
593 2215 664 2278 (leod
688 2219 836 2268 crediturus
853 2218 896 2268 tibi
913 2216 966 2279 ici,
991 2230 1065 2267 omne
1083 2218 1192 2278 credidi,
1216 2217 1311 2282 Amph.
1333 2220 1384 2266 58⁰
1405 2215 1486 2278 Apopc

325 2308 348 2354 tc
365 2317 382 2353 a
400 2315 454 2353 mc:
467 2301 479 2364 ΙΙ
494 2302 559 2366 Quid
570 2298 651 2368 (istuc)
663 2308 700 2353 cst
717 2304 818 2366 nepoti?
829 2303 840 2367 11
853 2304 929 2354 Pestis
946 2309 969 2354 tc
980 2308 1054 2364 imai,
1069 2309 1114 2354 etc.
1146 2303 1213 2354 Cum
1228 2317 1260 2353 ne
1274 2304 1301 2352 in
1314 2303 1413 2353 ceteris
1431 2302 1487 2364 qui-

325 2389 387 2439 dem
401 2388 467 2438 locis
483 2387 563 2451 (Trio.
579 2391 637 2449 8⁸8,
654 2389 732 2439 Poen.
748 2391 766 2451 1,
781 2395 807 2450 ἢ,
824 2394 865 2452 tt,
886 2389 958 2440 Trin.
975 2393 1034 2451 isti,
1054 2389 1122 2440 Eun.
1138 2393 1199 2453 ibo,
1219 2391 1295 2440 Most.
1311 2393 1372 2452 697,
1394 2387 1485 2437 Bacch.

326 2479 367 2535 73,
389 2475 457 2524 Eun.
479 2476 538 2534 stt,
559 2473 618 2525 Cas.
639 2475 660 2524 ll
680 2478 704 2534 8,
725 2480 771 2534 233
793 2475 864 2525 Trin.
886 2475 945 2537 stt)
966 2476 1069 2540 Apopct
1094 2476 1167 2526 nude
1187 2477 1305 2540 positum
1324 2476 1367 2534 sit,
1390 2475 1486 2534 nescio,

325 2573 360 2611 an
380 2561 402 2610 is
420 2559 504 2620 locus,
525 2559 571 2610 ubi
590 2573 673 2625 opcpc
690 2561 841 2612 secundum
861 2560 943 2611 libros
962 2561 1013 2612 hoc
1032 2560 1112 2611 modo
1131 2565 1288 2627 usurpatur:

326 2646 397 2696 Trio.
420 2650 468 2696 bus
488 2647 525 2696 st.
546 2647 663 2698 Primum
682 2650 796 2699 omnium
815 2648 875 2698 oiim
892 2652 964 2698 terro
982 2662 1059 2711 parom
1074 2649 1256 2712 proscinditur,

536 2733 564 2782 ln
582 2736 686 2795 quincto
703 2746 803 2796 quoquc
820 2735 891 2784 ccicc
908 2735 1058 2785 moriuntur
1075 2735 1158 2786 borres.

475 2818 519 2867 Ph.
536 2819 632 2883 Apono.
659 2821 696 2871 st.
717 2820 869 2871 solemniis
887 2823 982 2871 ostium
1000 2822 1027 2871 in
1043 2827 1155 2873 nostrort
1171 2834 1245 2886 apro.

540 2905 604 2955 Tum
621 2906 720 2967 uinum,
739 2907 893 2967 priusquam
912 2912 1043 2969 metuont,
1061 2909 1152 2971 prodet
1168 2909 1294 2970 putidum.

329 2989 474 3041 mutandus
486 2991 529 3040 sit.
551 2992 619 3040 Sane
633 2988 704 3040 lucili
718 2991 824 3054 negotio
838 2992 882 3041 hic
895 3005 991 3043 uersus
1004 2995 1043 3044 sic
1056 2995 1141 3058 possit
1153 2993 1306 3044 emendari:
1328 2991 1375 3042 en.
1393 2992 1488 3055 Apopc:

330 3078 496 3128 Accbcrorrtis
513 3079 605 3126 ortium
621 3079 649 3127 io
667 3082 777 3128 uostrort
800 3091 875 3142 apro.
906 3079 943 3130 St.
962 3080 1025 3130 Tum
1042 3082 1136 3132 uinum
1153 3083 1215 3131 coti.
1244 3078 1312 3130 Nom
1332 3080 1489 3129 sententiam

329 3162 479 3216 Acheruntis
496 3163 588 3213 ostium
606 3173 658 3212 esec
675 3165 702 3212 in
720 3177 785 3227 apro
802 3167 938 3229 tamquam
953 3166 978 3215 in
992 3165 1129 3229 prouerbii
1147 3177 1227 3217 usum
1241 3165 1339 3216 abiisse
1350 3167 1443 3230 atque,
1457 3165 1490 3212 si-

330 3248 393 3298 cubi
411 3261 475 3312 ager
493 3251 565 3299 esset
582 3246 764 3308 calamitosus,
784 3248 818 3298 de
830 3250 979 3302 Acamans
996 3253 1057 3302 ostio
1075 3251 1119 3302 uel
1138 3252 1171 3302 ds
1193 3253 1259 3303 Orco
1275 3251 1414 3302 Romanos
1431 3251 1488 3300 olim

330 3333 434 3384 locutos
453 3347 513 3385 esso
532 3347 564 3384 ex
577 3334 695 3384 Varrone
713 3333 873 3398 colligimus,
894 3337 940 3399 qui
959 3335 992 3388 ds
1011 3350 1033 3387 r.
1050 3351 1071 3386 r.
1088 3339 1106 3397 l,
1128 3340 1152 3402 t,
1169 3342 1196 3387 s:
1222 3337 1375 3390 Vtitirsbncs
1399 3342 1488 3394 aarum,

331 3421 425 3484 inquit,
446 3423 558 3484 uapor,
579 3423 623 3482 qm·
639 3420 770 3472 salubrior
787 3426 835 3480 cst.
856 3435 936 3484 quom
953 3425 1013 3486 otii,
1034 3423 1102 3485 ouon
1119 3423 1154 3474 ibi
1171 3423 1273 3486 [metor
1290 3429 1386 3485 certus,
1409 3428 1490 3474 contro

330 3507 397 3568 quod
415 3508 442 3556 in
457 3507 584 3569 pestilenti
600 3508 740 3567 catamitus,
760 3511 880 3570 quamuis
891 3512 919 3560 io
935 3512 1018 3574 feroci
1034 3522 1108 3574 apro,
1129 3509 1246 3560 colonum
1263 3511 1297 3560 od
1312 3512 1420 3574 sructm
1434 3521 1491 3571 pcr-

330 3596 488 3644 ocaircnoo
504 3595 611 3655 potitor.
644 3592 769 3643 Etenim
789 3594 844 3645 ubi
867 3596 957 3645 ratio
980 3608 1050 3646 cum
1077 3595 1161 3646 Orco
1185 3596 1340 3658 liabetur,
1367 3595 1415 3646 ibi
1437 3605 1490 3644 aon

331 3680 422 3728 modo
438 3681 574 3744 fructus
592 3685 639 3730 est
657 3681 816 3741 incertus,
837 3682 892 3730 scd
906 3683 1003 3732 stiam
1021 3682 1198 3734 colentium
1215 3685 1294 3743 uita,
1310 3685 1385 3732 etex
1399 3679 1488 3731 Bacch.

332 3778 358 3814 u.
375 3767 425 3813 ibt
437 3777 512 3830 sqq.:
534 3766 622 3828 llpoo’,
637 3770 666 3817 ot
678 3767 746 3828 quos
764 3767 795 3817 ab
813 3769 857 3818 itio
873 3764 931 3834 (mc)
946 3769 1069 3831 attipissst
1085 3771 1198 3831 nonnus,
1219 3769 1276 3820 Non
1293 3771 1459 3832 impetratum
1469 3765 1491 3814 ic

332 3851 479 3901 aduenienti
501 3854 525 3902 ei
548 3853 701 3903 redderem?
733 3853 893 3916 chiorice
916 3855 1026 3906 cotors
1048 3856 1202 3906 mavelim
1224 3855 1487 3906 Acchsruotr'cor.

333 3937 424 4000 ltaque
439 3935 524 3986 Philto
543 3936 633 3987 uerbis
646 3939 748 4002 Apops:
764 3939 927 3991 Archerortis
944 3943 1036 3992 ostium
1053 3945 1080 3993 to
1097 3946 1205 3993 uortrost
1222 3956 1296 4006 apro,
1315 3955 1366 4006 per
1385 3941 1490 3991 ironiam

334 4025 361 4072 ct
379 4022 454 4084 quasi
468 4023 576 4072 Stasimi
595 4023 687 4074 uerbis
705 4024 784 4088 plane
802 4025 958 4088 confideret,
980 4028 1080 4092 optimo
1098 4028 1261 4092 respondere
1280 4032 1386 4094 poterat
1404 4027 1437 4078 ad
1454 4041 1488 4085 ea,

335 4119 404 4170 quae
423 4107 466 4156 illo
485 4120 531 4157 uu.
553 4112 613 4160 522.
634 4114 683 4160 52³
703 4114 830 4173 narrauit,
860 4118 939 4178 atque
959 4116 1069 4179 iusuper
1088 4114 1137 4163 hac
1156 4116 1259 4164 ratione
1279 4117 1389 4165 Stasimi
1415 4116 1490 4164 orstio

331 4196 518 4254 primum-tum
536 4195 673 4258 particulis
691 4198 829 4262 aptissime
849 4201 1029 4251 continuatur.
