3126 5028
320 430 360 490 62
759 427 908 490 Arersrvs
930 429 1035 490 chrio.

319 599 380 662 Sed
403 619 464 662 nou
484 604 601 681 petrem
624 600 722 666 anatim
745 591 793 662 est
815 602 1024 680 pronuntiatio
1047 601 1194 680 Plautina,
1221 601 1278 662 sed
1299 603 1398 662 etim
1420 619 1480 680 po»
1542 617 1543 668 t

320 706 405 781 tre'm,
432 701 471 763 ad
493 721 585 782 quern
610 705 777 764 uerborum
801 702 939 764 ordinem
964 702 1189 764 restituendum
1220 723 1275 782 ego
1305 703 1384 764 baec
1406 721 1480 781 pro-

319 825 413 884 pono:
442 807 543 886 Nepns
566 809 612 869 rne'
632 807 774 868 nouisse?
794 809 888 886 ,nepos
910 799 1064 891 (misnae)
1087 809 1184 867 meum
1205 807 1349 886 patrem?
1375 840 1414 850 —

408 907 469 968 Sed
481 926 670 988 quamquam
687 910 777 989 pauci
793 925 905 968 uersus
920 927 982 968 noa
998 909 1040 968 ita
1055 919 1187 988 possunt
1199 908 1317 987 corrigi,
1337 917 1374 968 ut
1385 908 1481 967 omnis
1543 909 1544 948 ἶ

321 1009 475 1074 dubitatio
497 1010 664 1088 auferatur,
690 1021 794 1073 tamen
817 1011 873 1074 soii
888 1013 1021 1072 miserae
1037 1010 1207 1071 condicioni
1223 1011 1373 1071 librorum
1391 1011 1482 1069 Plau-

323 1115 456 1175 tinorum
481 1114 536 1173 hoc
559 1113 791 1178 attribuendum
813 1133 884 1176 esse
907 1113 1084 1175 firmissime
1113 1114 1314 1175 confirmatur
1336 1132 1399 1173 usu
1422 1116 1482 1172 Te-

323 1217 473 1277 rentiano.
1544 1218 1545 1272 i

409 1508 502 1589 Apud
531 1509 700 1570 Trnuurrrn
731 1508 813 1567 enirn
844 1516 966 1585 praeter
995 1526 1092 1570 uuum
1124 1523 1266 1585 uersum,
1300 1508 1354 1586 qui
1384 1517 1483 1568 tamen

324 1611 467 1676 iacillirne
483 1609 640 1675 emendari
658 1618 769 1688 potest,
796 1629 903 1670 ornnes
918 1612 1012 1672 ceteri
1028 1609 1149 1688 legibus
1171 1628 1187 1669 a
1211 1609 1300 1670 nobis
1323 1610 1485 1689 propositis
1545 1650 1546 1704 1

326 1713 484 1778 obstantes
507 1714 642 1792 corrupti
667 1720 740 1776 suut
762 1723 817 1774 aut
839 1713 1024 1774 coniecturis
1047 1712 1172 1774 demum
1197 1712 1307 1774 effecti:
1545 1705 1546 1794 i

412 1815 508 1878 Andr.
535 1815 596 1876 532
621 1815 676 1876 soii
699 1813 819 1876 codices
841 1815 891 1876 1)ss
915 1815 1079 1893 praebent:

456 1919 549 2000 Atque
572 1918 646 1980 odeo
669 1920 698 1980 in
719 1909 785 1996 'ipso
809 1923 938 1996 tempore
961 1936 1062 1978 eccum
1079 1919 1177 1997 ipsum
1199 1916 1351 1978 obuiam
1377 1917 1485 1976 Obre-

746 2037 842 2080 mem.
1545 2001 1546 2004 ¹

328 2122 415 2194 Quod
436 2141 506 2183 curn
523 2123 620 2182 iustos
642 2123 754 2181 senarii
779 2122 889 2182 limites
905 2121 1042 2200 excoriat,
1070 2121 1180 2186 suadet
1195 2123 1341 2200 Muttine,
1368 2132 1406 2184 ut
1428 2140 1485 2181 non

332 2227 483 2286 Cerealem
508 2226 674 2304 omittatur,
705 2223 789 2304 quod
810 2223 997 2284 uocabulum
1020 2225 1051 2284 in
1074 2224 1164 2286 codd.
1191 2227 1287 2286 BCEP
1309 2225 1409 2303 deest,
1436 2224 1486 2285 sed
1546 2251 1547 2260 ¹

329 2329 431 2407 potius
455 2330 526 2407 ipro.
567 2327 606 2387 At
629 2330 660 2387 in
690 2329 753 2406 ipso
785 2335 913 2408 tempore
935 2326 1026 2388 dictio
1055 2329 1179 2388 minime
1205 2327 1401 2388 sollicitanda
1431 2339 1483 2406 est,

329 2431 426 2496 habes
449 2429 578 2490 eandem
596 2432 668 2490 Hoc.
689 2429 764 2492 627:
793 2431 823 2490 in
846 2432 908 2510 ipso
931 2438 1103 2510 temperate
1125 2431 1270 2508 oswodi83
1296 2430 1394 2492 Andr.
1416 2429 1483 2490 att:

330 2537 361 2594 in
388 2543 517 2614 ternpore
548 2535 610 2611 ipso
639 2534 682 2592 mi
710 2533 850 2608 adeone
885 2533 994 2592 Pacuu.
1022 2534 1084 2594 238
1115 2535 1170 2593 R.:
1204 2531 1298 2615 Atque
1328 2553 1433 2596 eccum
1461 2536 1488 2594 in

330 2639 393 2716 ipso
417 2648 545 2715 tempore
568 2643 711 2696 ostentum
734 2653 846 2712 senem3
872 2635 957 2715 apud
972 2637 1111 2698 Plautum
1126 2654 1186 2696 non
1210 2655 1294 2698 raro:
1321 2637 1439 2698 deiude
1460 2637 1488 2695 in
1547 2697 1548 2702 ,

331 2738 481 2800 eiusmodi
506 2737 712 2799 locutionibus
737 2757 774 2797 ne
798 2738 897 2798 solent
919 2738 1043 2818 quidem
1067 2740 1173 2800 comici
1197 2759 1309 2803 nornen
1331 2741 1488 2820 proprium
1547 2737 1548 2752 ¹

331 2852 485 2921 repetere:
521 2853 614 2920 atque
637 2840 718 2920 quod
749 2842 779 2902 in
803 2859 899 2902 uersu
921 2843 1061 2919 proxime
1088 2843 1292 2921 praecedente
1316 2843 1403 2904 Simo
1433 2861 1488 2902 non

333 2955 394 3006 tarn
411 2943 451 3004 de
467 2931 627 3006 Chremete
644 2962 737 3022 quam
755 2943 794 3004 de
818 2944 879 3005 filio
902 2943 998 3005 uerba
1022 2945 1103 3022 iacit,
1130 2947 1157 3008 si
1186 2964 1219 3006 re
1242 2963 1316 3008 uera
1340 2944 1491 3006 dubitatio

332 3066 401 3108 esse
424 3056 534 3126 potest,
561 3056 631 3108 uter
653 3047 694 3108 sit
715 3045 928 3126 aduenturus,
956 3058 1058 3108 tamen
1082 3048 1157 3108 haec
1179 3045 1330 3109 dubitatio
1352 3048 1491 3108 aufertur

332 3167 426 3210 uersu
449 3151 587 3229 proxirne
610 3150 801 3227 insequenti:
832 3149 921 3210 Iubeo
939 3150 1140 3212 Chremetem:
1165 3151 1268 3229 itaque
1292 3150 1490 3212 scribendum

332 3262 379 3312 est
393 3271 463 3312 curn
481 3251 590 3313 BCEP:
612 3251 707 3331 Atque
723 3252 797 3312 odeo
812 3253 844 3312 tit
859 3253 923 3331 ipso
940 3255 1068 3332 tempore
1083 3272 1184 3314 ecertm
1201 3256 1298 3332 ipsum
1315 3253 1490 3315 obeam.-

419 3352 516 3414 Andr.
542 3356 603 3416 928
628 3353 731 3414 editur
752 3354 845 3431 uulgo
867 3373 937 3413 curn
960 3358 1093 3416 Lomano

462 3459 510 3518 Cr.
538 3452 579 3519 'Is
595 3457 637 3517 ibi
649 3459 801 3518 nrortetst.
828 3457 884 3518 Cb.
910 3460 986 3520 Eius
999 3460 1128 3520 nomen?
1144 3460 1194 3520 Cr.
1214 3460 1326 3520 Nemee
1338 3460 1403 3520 toim
1420 3459 1455 3518 ci
1463 3460 1492 3517 to

749 3562 779 3620 tr·
785 3559 842 3620 bi?
880 3563 931 3622 Pa.
959 3561 1030 3620 Hem

463 3662 554 3724 Perii.
581 3663 632 3723 Cr.
663 3663 774 3724 Verum*
793 3662 892 3724 hercle
915 3665 1020 3742 opinor
1040 3662 1132 3743 subse
1149 3661 1317 3726 Phaniam:
1343 3663 1401 3722 toc
1420 3662 1494 3722 certe'

752 3767 812 3826 scio

464 3863 681 3929 Rhomndaiem
704 3886 735 3928 re
758 3867 858 3928 aiebat
880 3885 954 3930 esse.

335 3970 397 4032 Sed
419 3969 508 4030 codd.
536 3969 701 4048 praebent:
735 3989 841 4030 nomen
865 3977 926 4030 tem
949 3972 1006 4030 cito
1029 3969 1082 4030 ttbi
1104 3969 1226 4032 Phanio
1249 3969 1319 4030 Chr.
1348 3972 1441 4048 Hem;
1466 3971 1493 4032 in

336 4075 361 4134 Α
385 4091 463 4135 corr.
490 4092 548 4133 rec.
575 4071 599 4132 A
623 4083 725 4136 notam
749 4084 820 4134 aute
843 4073 908 4134 bem
931 4071 1063 4133 addidit.
1104 4072 1151 4132 Ex
1174 4073 1229 4148 eis,
1255 4090 1336 4150 qnae
1360 4073 1495 4134 Donatus

335 4176 374 4236 ad
398 4178 481 4235 bunc
503 4177 603 4236 iocum
627 4176 730 4253 affert,
766 4184 847 4235 recte
870 4177 1057 4237 conclusisse
1088 4173 1162 4234 mihi
1193 4172 1317 4234 uidetur
1339 4177 1494 4236 Bentleius
