3176 5028
296 472 324 513 rr
597 453 773 530 Pnoonurvu·
794 449 938 508 Gurunuuu
961 447 1149 506 Srvnnrrruo.

296 621 352 687 des
381 642 444 687 non
470 641 542 686 raro
570 619 677 704 inepte
705 618 1007 684 commaculareutur
1035 615 1139 700 potius
1169 633 1264 696 quam
1287 631 1462 695 recupera-

296 730 412 789 rentur.
452 723 501 790 Ac
522 743 563 788 ne
585 743 642 806 per
664 741 703 790 oa
724 720 851 806 quidem
881 739 963 803 quae
993 719 1135 804 proxime
1157 723 1265 783 secuta
1287 722 1360 782 sunt
1382 734 1461 780 sae-

297 827 386 905 cula,
419 847 500 910 quae
529 825 664 890 fuissent
691 826 816 910 priseae
838 823 915 889 artis
938 821 1086 888 metricae
1115 819 1273 905 priscique
1302 819 1459 892 sermonis

294 932 382 1013 leges
406 935 436 996 et
457 929 571 1013 quibus
592 928 621 994 is
643 928 795 1011 gradibus
809 926 962 1011 paulatim
982 925 1124 990 excultus
1147 929 1242 1002 esset,
1267 943 1305 988 ea
1320 943 1383 1007 qua
1397 942 1461 1006 par

295 1039 363 1099 erat
384 1031 549 1115 diligentia
571 1031 795 1114 quaesiuerunt
817 1028 1025 1114 grammatici.
1066 1028 1167 1093 Huius
1189 1027 1235 1091 rei
1261 1045 1358 1091 causa
1379 1025 1459 1090 inde

295 1134 420 1200 uidetur
434 1133 607 1218 repetenda
621 1153 702 1213 esse,
728 1132 811 1216 quod
827 1131 971 1197 mirabile
986 1135 1034 1196 est
1049 1135 1165 1214 quanto
1184 1129 1334 1215 philologi
1350 1128 1458 1194 studio

294 1237 520 1304 Ciceronianae
553 1237 703 1303 orationis
725 1256 819 1319 quam
842 1235 897 1301 diu
919 1234 1067 1301 delectati
1095 1232 1221 1299 fuerint.
1259 1232 1371 1315 Neque
1392 1233 1458 1297 im-

293 1340 410 1405 merito
428 1347 608 1424 contempta
628 1345 677 1404 est
698 1338 949 1405 aOieeronianis
965 1338 1143 1420 incomptae
1162 1336 1254 1401 istius
1277 1341 1307 1400 et
1328 1334 1458 1401 incisim

293 1449 445 1510 tractatae
467 1443 618 1520 orationis
640 1442 767 1508 siccitas
789 1448 820 1506 et
841 1440 1013 1520 humilitas,
1039 1438 1072 1503 in
1092 1459 1156 1522 qua
1169 1439 1310 1505 membra
1332 1438 1458 1522 saepis-

294 1546 373 1612 sime
402 1567 465 1612 non
487 1545 666 1637 'syntectice
695 1545 900 1610 conectebant
926 1542 1021 1626 prisci
1050 1541 1218 1627 scriptores
1247 1541 1302 1606 sed
1332 1547 1457 1607 tantum

294 1651 327 1714 in
341 1650 487 1734 parataxi
501 1651 671 1734 ponebant,
688 1667 765 1732 prae
780 1646 1060 1730 comprehensione
1074 1645 1130 1710 illa
1140 1651 1214 1730 apte
1230 1664 1458 1728 numeroseque

294 1754 428 1818 cadente
450 1760 481 1818 et
503 1752 675 1835 grandibus
690 1756 785 1834 atque
800 1750 919 1815 ornatis
932 1749 1122 1832 floribusque
1140 1749 1318 1834 conspersis
1334 1747 1455 1828 uerbis,

294 1875 375 1939 quae
390 1855 501 1922 Cicero
516 1859 623 1938 spreta
638 1856 804 1920 uerborum
821 1853 926 1937 prisca
940 1858 1097 1918 uetustate
1113 1853 1300 1918 sectabatur.
1337 1853 1459 1918 Nostra

294 1965 400 2024 autem
423 1964 537 2036 aetate,
563 1963 730 2042 postquam
752 1957 785 2021 in
807 1957 970 2021 historiam
993 1956 1121 2039 linguae
1143 1955 1261 2020 latinae
1276 1955 1458 2020 accuratius

293 2063 409 2146 inquiri
432 2068 577 2148 coeptum
599 2067 648 2126 est
670 2067 702 2126 et
717 2081 757 2126 ex
772 2059 1030 2125 bibliothecarum
1049 2058 1186 2124 tenebris
1202 2057 1312 2141 optimi
1334 2058 1458 2141 priseo-

294 2185 362 2229 rum
385 2170 549 2248 poetarum
572 2163 696 2229 codices
718 2164 751 2228 in
774 2165 876 2229 lucem
898 2161 1047 2246 protracti
1063 2167 1147 2238 sunt,
1173 2160 1263 2227 multi
1278 2161 1403 2243 quidem
1423 2167 1459 2226 et

293 2267 458 2351 peruagati
481 2287 601 2332 errores
624 2267 757 2334 feliciter
778 2265 908 2331 correcti
931 2270 1005 2329 sunt
1027 2271 1058 2329 et
1079 2263 1223 2348 inprimis
1245 2262 1459 2348 etymologiae

293 2370 432 2435 studium
455 2369 784 2452 indogermanicarum
811 2369 989 2452 linguarum
1016 2368 1264 2451 comparatione
1279 2371 1459 2451 promotum

294 2479 350 2538 est.
398 2473 463 2539 Sed
491 2473 566 2556 quia
593 2473 636 2537 ad
665 2479 827 2558 poetarum
854 2473 1026 2556 priscorum
1056 2471 1205 2553 reliquias
1234 2469 1459 2554 perpoliendas

295 2576 497 2666 edendasque
516 2577 633 2642 multae
656 2585 687 2640 et
708 2575 913 2641 difficillimae
935 2574 1136 2657 quaestiones
1155 2573 1248 2639 simul
1271 2571 1460 2638 tractandae

294 2685 394 2758 erant,
419 2699 521 2762 neque
542 2679 574 2744 in
598 2699 632 2744 re
655 2679 784 2746 metrica
807 2682 838 2743 et
858 2676 1046 2761 prosodiaoa
1060 2677 1167 2742 omnia
1184 2676 1288 2740 adhue
1302 2675 1345 2740 ad
1360 2673 1458 2757 liqui-

294 2784 368 2847 dum
384 2781 538 2865 perducta
554 2789 627 2847 sunt
641 2788 673 2847 et
687 2781 880 2848 difficiliores
895 2781 1016 2863 aliquot
1031 2780 1230 2863 quaestiones
1245 2777 1454 2863 syntactieae,

294 2905 373 2968 quas
395 2885 531 2969 amplius
554 2883 713 2950 declinare
735 2885 822 2950 nullo
845 2884 938 2950 modo
960 2883 1104 2961 decebat,
1140 2902 1180 2947 ue
1202 2887 1306 2947 tactae
1328 2880 1458 2963 q'uidem

295 2994 378 3053 suut.
419 2987 586 3054 Laudabili
609 3007 686 3053 sane
709 2987 876 3070 diligentia
897 2987 949 3051 ur.
976 2986 1152 3051 Guilelmus
1174 2985 1287 3049 Holtze
1308 2983 1341 3048 in
1363 3003 1458 3068 »syn-

294 3091 361 3156 taxi
384 3091 558 3174 prisoorum
582 3091 767 3175 scriptorum
783 3090 952 3156 latinorum
967 3108 1067 3172 usque
1081 3086 1123 3153 ad
1137 3087 1333 3154 Terentium«
1349 3086 1458 3152 uaria·

293 3214 363 3259 rum
386 3199 611 3258 structurarum
633 3193 780 3277 exempla
796 3193 955 3275 congessit
974 3191 1076 3274 magis
1092 3212 1186 3275 quam
1202 3191 1334 3274 digessit
1340 3217 1350 3267 ;
1375 3209 1458 3273 quae

288 3296 420 3362 'etiamsi
443 3294 485 3360 ad
508 3296 680 3361 tollendam
702 3296 931 3361 dubitationem
952 3295 986 3360 in
1000 3295 1079 3360 locis
1094 3294 1249 3378 corruptis
1270 3293 1343 3359 ideo
1358 3313 1457 3377 saepe

292 3418 355 3463 non
372 3397 544 3474 sufiiciunt,
569 3399 644 3480 quia
657 3400 813 3483 permulta
827 3399 952 3478 desunt,
971 3397 1139 3480 exquibus
1154 3396 1335 3462 uniuersam
1351 3395 1458 3462 cuius·

294 3519 354 3583 que
377 3506 550 3567 structurae
572 3501 605 3566 in
628 3521 772 3567 sermone
795 3501 987 3567 functionem
1016 3505 1048 3565 et
1077 3507 1236 3582 tamquam
1259 3499 1456 3584 prouinciam

292 3602 477 3686 dignoscere
507 3604 628 3688 possis,
659 3610 765 3670 tarneu
792 3604 919 3688 saepius
945 3603 1115 3689 plurimum
1143 3603 1251 3668 ualent
1272 3602 1314 3667 ad
1338 3608 1456 3668 rectam

294 3704 482 3772 emendandi
492 3707 577 3771 uiam
593 3707 798 3791 aperiendam
814 3708 921 3772 autad
937 3707 1143 3773 coercendum
1159 3707 1248 3772 illurn
1263 3705 1353 3789 quasi
1370 3705 1458 3770 iuro-

294 3828 359 3874 rem
375 3809 571 3876 coniectandi
590 3817 621 3876 et
640 3810 896 3895 inexplicabilem
912 3810 1128 3895 cupiditatem,
1143 3829 1205 3892 qua
1220 3815 1294 3874 ante
1309 3809 1458 3875 Ritsohe-

294 3911 372 3976 lium
387 3933 450 3977 non
466 3913 557 3996 pauci
575 3913 819 3997 philologastelli
835 3913 868 3978 in
883 3914 1004 3998 priscos
1026 3913 1194 3997 scriptores
1210 3912 1346 3995 grassati
1369 3919 1454 3978 sunt.

294 4015 336 4079 At
359 4021 511 4097 quantum
535 4022 606 4099 post
628 4016 746 4082 Holtzii
769 4036 861 4081 ouras
876 4016 1101 4101 praestandum
1124 4021 1208 4080 esset
1227 4020 1258 4080 et
1272 4021 1348 4098 quot
1362 4014 1458 4080 adiu-

294 4117 412 4182 toribus
435 4118 494 4182 hoc
509 4117 670 4201 negotium
692 4125 808 4203 egeret,
836 4139 935 4204 nuper
949 4117 1090 4183 Eduardi
1107 4118 1275 4184 Luebherti
1291 4117 1456 4201 ingenium

293 4219 494 4308 philosophia
523 4221 686 4288 subactum
713 4221 943 4288 demonstrauit
969 4221 1002 4286 in
1031 4221 1153 4306 sylloge
1183 4205 1482 4306 dissertationum,
