<?xml version="1.0" encoding="UTF-8"?>
<!DOCTYPE html PUBLIC "-//W3C//DTD XHTML 1.0 Transitional//EN"
    "http://www.w3.org/TR/xhtml1/DTD/xhtml1-transitional.dtd">
<html xmlns="http://www.w3.org/1999/xhtml" xml:lang="en" lang="en">
 <head>
  <title>
</title>
<meta http-equiv="Content-Type" content="text/html;charset=utf-8" />
  <meta name='ocr-system' content='tesseract 3.04.00' />
  <meta name='ocr-capabilities' content='ocr_page ocr_carea ocr_par ocr_line ocrx_word'/>
</head>
<body>
  <div class='ocr_page' id='page_1' title='image "./studiainpriscos00studgoog_0182.png"; bbox 0 0 3086 5024; ppageno 0'>
   <div class='ocr_carea' id='block_1_1' title="bbox 280 391 1220 470">
    <p class='ocr_par' dir='ltr' id='par_1_1' title="bbox 280 391 1220 470">
     <span class='ocr_line' id='line_1_1' title="bbox 280 391 1220 470; baseline -0.01 -9"><span class='ocrx_word' id='word_1_1' title='bbox 280 402 323 462; x_wconf 86' lang='lat' dir='ltr'><strong>Dn</strong></span> <span class='ocrx_word' id='word_1_2' title='bbox 346 401 473 462; x_wconf 78' lang='lat' dir='ltr'><strong>Srnrixr</strong></span> <span class='ocrx_word' id='word_1_3' title='bbox 495 402 780 463; x_wconf 74' lang='lat' dir='ltr'><strong>turannocmoam</strong></span> <span class='ocrx_word' id='word_1_4' title='bbox 802 399 1004 470; x_wconf 78' lang='lat' dir='ltr'><strong>Onnrovnnvn.</strong></span> <span class='ocrx_word' id='word_1_5' title='bbox 1161 391 1220 454; x_wconf 88' lang='grc'><strong>167</strong></span> 
     </span>
    </p>
   </div>
   <div class='ocr_carea' id='block_1_2' title="bbox 69 574 1222 1166">
    <p class='ocr_par' dir='ltr' id='par_1_2' title="bbox 629 574 1222 760">
     <span class='ocr_line' id='line_1_2' title="bbox 629 574 1222 644; baseline 0.012 -13"><span class='ocrx_word' id='word_1_6' title='bbox 629 577 710 632; x_wconf 80' lang='lat' dir='ltr'><strong>dorna</strong></span> <span class='ocrx_word' id='word_1_7' title='bbox 733 576 851 644; x_wconf 85' lang='lat' dir='ltr'><strong>absum,</strong></span> <span class='ocrx_word' id='word_1_8' title='bbox 884 591 953 633; x_wconf 89' lang='lat' dir='ltr'><strong>num</strong></span> <span class='ocrx_word' id='word_1_9' title='bbox 984 582 1071 637; x_wconf 81' lang='lat' dir='ltr'><strong>oculis</strong></span> <span class='ocrx_word' id='word_1_10' title='bbox 1093 574 1222 629; x_wconf 69' lang='grc' dir='ltr'><strong>0011085δὶ</strong></span> 
     </span>
     <span class='ocr_line' id='line_1_3' title="bbox 630 668 779 760; baseline -0.013 -26"><span class='ocrx_word' id='word_1_11' title='bbox 630 668 680 760; x_wconf 84' lang='lat' dir='ltr'><strong>(a)</strong></span> <span class='ocrx_word' id='word_1_12' title='bbox 704 679 779 736; x_wconf 83' lang='lat' dir='ltr'><strong>tuis?</strong></span> 
     </span>
    </p>

    <p class='ocr_par' dir='ltr' id='par_1_3' title="bbox 72 776 1219 967">
     <span class='ocr_line' id='line_1_4' title="bbox 72 776 1219 856; baseline 0.009 -19"><span class='ocrx_word' id='word_1_13' title='bbox 72 784 131 838; x_wconf 89' lang='lat' dir='ltr'><strong>Ter.</strong></span> <span class='ocrx_word' id='word_1_14' title='bbox 167 785 271 838; x_wconf 89' lang='lat' dir='ltr'><strong>Heaut.</strong></span> <span class='ocrx_word' id='word_1_15' title='bbox 293 788 352 840; x_wconf 84' lang='grc'><strong>332</strong></span> <span class='ocrx_word' id='word_1_16' title='bbox 376 776 420 856; x_wconf 84' lang='lat' dir='ltr'><strong>(ll,</strong></span> <span class='ocrx_word' id='word_1_17' title='bbox 442 787 470 848; x_wconf 91' lang='lat'><strong>3,</strong></span> <span class='ocrx_word' id='word_1_18' title='bbox 500 777 548 856; x_wconf 77' lang='grc'><strong>94)</strong></span> <span class='ocrx_word' id='word_1_19' title='bbox 570 784 642 853; x_wconf 72' lang='lat' dir='ltr'><strong>Ape,</strong></span> <span class='ocrx_word' id='word_1_20' title='bbox 669 799 736 853; x_wconf 76' lang='lat' dir='ltr'><strong>ape,</strong></span> <span class='ocrx_word' id='word_1_21' title='bbox 764 783 835 838; x_wconf 87' lang='lat' dir='ltr'><strong>cedo</strong></span> <span class='ocrx_word' id='word_1_22' title='bbox 858 784 931 839; x_wconf 90' lang='lat' dir='ltr'><strong>istuo</strong></span> <span class='ocrx_word' id='word_1_23' title='bbox 955 793 1033 841; x_wconf 88' lang='lat' dir='ltr'><strong>tuum</strong></span> <span class='ocrx_word' id='word_1_24' title='bbox 1054 791 1219 846; x_wconf 89' lang='lat' dir='ltr'><strong>eonsilium:</strong></span> 
     </span>
     <span class='ocr_line' id='line_1_5' title="bbox 629 878 1154 967; baseline 0.017 -29"><span class='ocrx_word' id='word_1_25' title='bbox 629 884 699 954; x_wconf 92' lang='lat' dir='ltr'><strong>quid</strong></span> <span class='ocrx_word' id='word_1_26' title='bbox 722 885 752 938; x_wconf 85' lang='lat' dir='ltr'><strong>id</strong></span> <span class='ocrx_word' id='word_1_27' title='bbox 773 885 838 940; x_wconf 85' lang='lat' dir='ltr'><strong>est‘l</strong></span> <span class='ocrx_word' id='word_1_28' title='bbox 854 878 866 961; x_wconf 85' lang='grc' dir='ltr'><strong>Ι)</strong></span> <span class='ocrx_word' id='word_1_29' title='bbox 884 885 1154 967; x_wconf 71' lang='lat' dir='ltr'><strong>Adsimulabimus¹l</strong></span> 
     </span>
    </p>

    <p class='ocr_par' dir='ltr' id='par_1_4' title="bbox 70 980 1222 1064">
     <span class='ocr_line' id='line_1_6' title="bbox 70 980 1222 1064; baseline 0.009 -23"><span class='ocrx_word' id='word_1_30' title='bbox 70 983 99 1042; x_wconf 91' lang='lat' dir='ltr'><strong>lu</strong></span> <span class='ocrx_word' id='word_1_31' title='bbox 121 983 166 1042; x_wconf 86' lang='lat' dir='ltr'><strong>bis</strong></span> <span class='ocrx_word' id='word_1_32' title='bbox 188 992 295 1044; x_wconf 67' lang='lat' dir='ltr'><strong>umen</strong></span> <span class='ocrx_word' id='word_1_33' title='bbox 318 983 467 1064; x_wconf 85' lang='lat' dir='ltr'><strong>exemplis</strong></span> <span class='ocrx_word' id='word_1_34' title='bbox 497 982 643 1044; x_wconf 88' lang='lat' dir='ltr'><strong>omnibus</strong></span> <span class='ocrx_word' id='word_1_35' title='bbox 670 980 811 1060; x_wconf 78' lang='lat' dir='ltr'><strong>dubites,</strong></span> <span class='ocrx_word' id='word_1_36' title='bbox 843 991 947 1044; x_wconf 90' lang='lat' dir='ltr'><strong>utrum</strong></span> <span class='ocrx_word' id='word_1_37' title='bbox 977 988 1101 1048; x_wconf 89' lang='lat' dir='ltr'><strong>omnino</strong></span> <span class='ocrx_word' id='word_1_38' title='bbox 1123 989 1222 1051; x_wconf 85' lang='lat' dir='ltr'><strong>inter-</strong></span> 
     </span>
    </p>

    <p class='ocr_par' dir='ltr' id='par_1_5' title="bbox 69 1085 883 1166">
     <span class='ocr_line' id='line_1_7' title="bbox 69 1085 883 1166; baseline 0 -21"><span class='ocrx_word' id='word_1_39' title='bbox 69 1087 234 1165; x_wconf 82' lang='lat' dir='ltr'><strong>rogationes</strong></span> <span class='ocrx_word' id='word_1_40' title='bbox 255 1087 399 1166; x_wconf 84' lang='lat' dir='ltr'>obliquae</span> <span class='ocrx_word' id='word_1_41' title='bbox 422 1106 461 1148; x_wconf 91' lang='lat' dir='ltr'><strong>an</strong></span> <span class='ocrx_word' id='word_1_42' title='bbox 485 1096 585 1147; x_wconf 84' lang='lat' dir='ltr'><strong>rectae</strong></span> <span class='ocrx_word' id='word_1_43' title='bbox 608 1085 789 1147; x_wconf 78' lang='lat' dir='ltr'>statuendae</span> <span class='ocrx_word' id='word_1_44' title='bbox 811 1086 883 1146; x_wconf 88' lang='lat' dir='ltr'><strong>sint.</strong></span> 
     </span>
    </p>
   </div>
   <div class='ocr_carea' id='block_1_3' title="bbox 70 1291 1227 2072">
    <p class='ocr_par' dir='ltr' id='par_1_6' title="bbox 70 1291 1225 1786">
     <span class='ocr_line' id='line_1_8' title="bbox 150 1291 1223 1375; baseline 0.005 -21"><span class='ocrx_word' id='word_1_45' title='bbox 150 1295 263 1355; x_wconf 84' lang='lat' dir='ltr'><strong>Contra</strong></span> <span class='ocrx_word' id='word_1_46' title='bbox 280 1295 310 1355; x_wconf 92' lang='lat' dir='ltr'><strong>in</strong></span> <span class='ocrx_word' id='word_1_47' title='bbox 327 1294 378 1355; x_wconf 94' lang='lat' dir='ltr'><strong>illo</strong></span> <span class='ocrx_word' id='word_1_48' title='bbox 392 1293 604 1373; x_wconf 89' lang='lat' dir='ltr'><strong>exemplorum</strong></span> <span class='ocrx_word' id='word_1_49' title='bbox 620 1310 742 1370; x_wconf 78' lang='lat' dir='ltr'><strong>genere,</strong></span> <span class='ocrx_word' id='word_1_50' title='bbox 769 1291 824 1353; x_wconf 93' lang='lat' dir='ltr'><strong>ubi</strong></span> <span class='ocrx_word' id='word_1_51' title='bbox 839 1311 872 1352; x_wconf 89' lang='lat' dir='ltr'><strong>re</strong></span> <span class='ocrx_word' id='word_1_52' title='bbox 887 1309 961 1354; x_wconf 88' lang='lat' dir='ltr'><strong>uera</strong></span> <span class='ocrx_word' id='word_1_53' title='bbox 977 1295 1129 1375; x_wconf 84' lang='lat' dir='ltr'><strong>prolepsis</strong></span> <span class='ocrx_word' id='word_1_54' title='bbox 1144 1300 1223 1360; x_wconf 88' lang='lat' dir='ltr'><strong>arti-</strong></span> 
     </span>
     <span class='ocr_line' id='line_1_9' title="bbox 73 1392 1225 1478; baseline 0.009 -24"><span class='ocrx_word' id='word_1_55' title='bbox 73 1396 168 1457; x_wconf 87' lang='lat' dir='ltr'><strong>ficium</strong></span> <span class='ocrx_word' id='word_1_56' title='bbox 189 1416 225 1457; x_wconf 90' lang='lat' dir='ltr'><strong>eo</strong></span> <span class='ocrx_word' id='word_1_57' title='bbox 239 1417 302 1477; x_wconf 93' lang='lat' dir='ltr'><strong>quo</strong></span> <span class='ocrx_word' id='word_1_58' title='bbox 313 1415 406 1476; x_wconf 91' lang='lat' dir='ltr'><strong>supra</strong></span> <span class='ocrx_word' id='word_1_59' title='bbox 423 1397 623 1478; x_wconf 85' lang='lat' dir='ltr'><strong>exposuimus</strong></span> <span class='ocrx_word' id='word_1_60' title='bbox 638 1393 731 1456; x_wconf 92' lang='lat' dir='ltr'><strong>modo</strong></span> <span class='ocrx_word' id='word_1_61' title='bbox 745 1392 917 1456; x_wconf 90' lang='lat' dir='ltr'><strong>adhibitum</strong></span> <span class='ocrx_word' id='word_1_62' title='bbox 931 1407 987 1475; x_wconf 91' lang='lat' dir='ltr'><strong>est,</strong></span> <span class='ocrx_word' id='word_1_63' title='bbox 1010 1400 1225 1464; x_wconf 89' lang='lat' dir='ltr'><strong>coniunctiuus</strong></span> 
     </span>
     <span class='ocr_line' id='line_1_10' title="bbox 72 1497 1225 1581; baseline 0.006 -23"><span class='ocrx_word' id='word_1_64' title='bbox 72 1508 198 1575; x_wconf 89' lang='lat' dir='ltr'><strong>ponatur</strong></span> <span class='ocrx_word' id='word_1_65' title='bbox 214 1509 345 1580; x_wconf 79' lang='lat' dir='ltr'><strong>oporiet.</strong></span> <span class='ocrx_word' id='word_1_66' title='bbox 371 1501 414 1560; x_wconf 87' lang='lat' dir='ltr'><strong>De</strong></span> <span class='ocrx_word' id='word_1_67' title='bbox 429 1498 537 1560; x_wconf 87' lang='lat' dir='ltr'><strong>ordine</strong></span> <span class='ocrx_word' id='word_1_68' title='bbox 553 1507 655 1561; x_wconf 88' lang='lat' dir='ltr'><strong>autem</strong></span> <span class='ocrx_word' id='word_1_69' title='bbox 673 1497 839 1560; x_wconf 90' lang='lat' dir='ltr'><strong>uerborum</strong></span> <span class='ocrx_word' id='word_1_70' title='bbox 855 1499 887 1558; x_wconf 91' lang='lat' dir='ltr'><strong>in</strong></span> <span class='ocrx_word' id='word_1_71' title='bbox 899 1501 1066 1562; x_wconf 87' lang='lat' dir='ltr'><strong>enuntiatis</strong></span> <span class='ocrx_word' id='word_1_72' title='bbox 1081 1503 1225 1581; x_wconf 82' lang='lat' dir='ltr'><strong>primario</strong></span> 
     </span>
     <span class='ocr_line' id='line_1_11' title="bbox 70 1600 1225 1687; baseline 0.005 -27"><span class='ocrx_word' id='word_1_73' title='bbox 70 1611 98 1660; x_wconf 87' lang='lat' dir='ltr'><strong>et</strong></span> <span class='ocrx_word' id='word_1_74' title='bbox 123 1603 308 1664; x_wconf 87' lang='lat' dir='ltr'><strong>secundario</strong></span> <span class='ocrx_word' id='word_1_75' title='bbox 338 1602 394 1662; x_wconf 92' lang='lat' dir='ltr'><strong>hoc</strong></span> <span class='ocrx_word' id='word_1_76' title='bbox 423 1600 592 1662; x_wconf 89' lang='lat' dir='ltr'><strong>notandum</strong></span> <span class='ocrx_word' id='word_1_77' title='bbox 621 1610 685 1662; x_wconf 87' lang='lat' dir='ltr'><strong>est:</strong></span> <span class='ocrx_word' id='word_1_78' title='bbox 719 1601 930 1662; x_wconf 88' lang='lat' dir='ltr'><strong>accusatiuum</strong></span> <span class='ocrx_word' id='word_1_79' title='bbox 962 1602 1048 1664; x_wconf 91' lang='lat' dir='ltr'><strong>illum</strong></span> <span class='ocrx_word' id='word_1_80' title='bbox 1070 1606 1225 1687; x_wconf 87' lang='lat' dir='ltr'><strong>anticipa-</strong></span> 
     </span>
     <span class='ocr_line' id='line_1_12' title="bbox 72 1704 1003 1786; baseline 0.002 -24"><span class='ocrx_word' id='word_1_81' title='bbox 72 1712 130 1764; x_wconf 94' lang='lat' dir='ltr'><strong>tum</strong></span> <span class='ocrx_word' id='word_1_82' title='bbox 153 1704 215 1766; x_wconf 88' lang='lat' dir='ltr'><strong>iere</strong></span> <span class='ocrx_word' id='word_1_83' title='bbox 240 1724 364 1786; x_wconf 87' lang='lat' dir='ltr'><strong>semper</strong></span> <span class='ocrx_word' id='word_1_84' title='bbox 385 1713 456 1766; x_wconf 85' lang='lat' dir='ltr'><strong>ante</strong></span> <span class='ocrx_word' id='word_1_85' title='bbox 478 1705 743 1784; x_wconf 80' lang='lat' dir='ltr'><strong>interrogationem</strong></span> <span class='ocrx_word' id='word_1_86' title='bbox 766 1705 900 1784; x_wconf 91' lang='lat' dir='ltr'><strong>positum</strong></span> <span class='ocrx_word' id='word_1_87' title='bbox 922 1724 1003 1766; x_wconf 89' lang='lat' dir='ltr'><strong>esse.</strong></span> 
     </span>
    </p>

    <p class='ocr_par' dir='ltr' id='par_1_7' title="bbox 72 1806 1227 2072">
     <span class='ocr_line' id='line_1_13' title="bbox 72 1806 1092 1888; baseline 0.005 -25"><span class='ocrx_word' id='word_1_88' title='bbox 72 1811 153 1866; x_wconf 88' lang='lat' dir='ltr'><strong>Plauti</strong></span> <span class='ocrx_word' id='word_1_89' title='bbox 169 1812 275 1868; x_wconf 72' lang='lat' dir='ltr'><strong>bacch.</strong></span> <span class='ocrx_word' id='word_1_90' title='bbox 305 1817 365 1870; x_wconf 92' lang='grc'><strong>555</strong></span> <span class='ocrx_word' id='word_1_91' title='bbox 392 1807 450 1888; x_wconf 88' lang='lat' dir='ltr'><strong>(lll,</strong></span> <span class='ocrx_word' id='word_1_92' title='bbox 479 1819 507 1880; x_wconf 89' lang='grc'><strong>5,</strong></span> <span class='ocrx_word' id='word_1_93' title='bbox 536 1806 585 1888; x_wconf 82' lang='grc'><strong>25)</strong></span> <span class='ocrx_word' id='word_1_94' title='bbox 613 1813 664 1866; x_wconf 90' lang='lat' dir='ltr'><strong>Dic</strong></span> <span class='ocrx_word' id='word_1_95' title='bbox 686 1813 769 1868; x_wconf 77' lang='lat' dir='ltr'><strong>niodo</strong></span> <span class='ocrx_word' id='word_1_96' title='bbox 792 1812 948 1880; x_wconf 87' lang='lat' dir='ltr'><strong>hominem,</strong></span> <span class='ocrx_word' id='word_1_97' title='bbox 975 1813 1024 1884; x_wconf 93' lang='lat' dir='ltr'><strong>qui</strong></span> <span class='ocrx_word' id='word_1_98' title='bbox 1047 1815 1092 1869; x_wconf 90' lang='lat' dir='ltr'><strong>sit.</strong></span> 
     </span>
     <span class='ocr_line' id='line_1_14' title="bbox 173 1914 1227 1988; baseline 0.003 -18"><span class='ocrx_word' id='word_1_99' title='bbox 173 1916 247 1972; x_wconf 78' lang='lat' dir='ltr'><strong>liud.</strong></span> <span class='ocrx_word' id='word_1_100' title='bbox 272 1920 350 1972; x_wconf 84' lang='lat' dir='ltr'><strong>ll63</strong></span> <span class='ocrx_word' id='word_1_101' title='bbox 372 1914 441 1987; x_wconf 93' lang='lat' dir='ltr'><strong>(llll,</strong></span> <span class='ocrx_word' id='word_1_102' title='bbox 465 1919 492 1983; x_wconf 83' lang='lat' dir='ltr'><strong>l,</strong></span> <span class='ocrx_word' id='word_1_103' title='bbox 516 1915 584 1988; x_wconf 79' lang='lat' dir='ltr'><strong>tto)</strong></span> <span class='ocrx_word' id='word_1_104' title='bbox 612 1916 743 1984; x_wconf 83' lang='lat' dir='ltr'><strong>Loquere</strong></span> <span class='ocrx_word' id='word_1_105' title='bbox 765 1918 862 1970; x_wconf 79' lang='lat' dir='ltr'><strong>matris</strong></span> <span class='ocrx_word' id='word_1_106' title='bbox 885 1931 1006 1984; x_wconf 91' lang='lat' dir='ltr'><strong>nomen,</strong></span> <span class='ocrx_word' id='word_1_107' title='bbox 1041 1917 1085 1972; x_wconf 84' lang='lat' dir='ltr'><strong>liic</strong></span> <span class='ocrx_word' id='word_1_108' title='bbox 1106 1918 1175 1988; x_wconf 89' lang='lat' dir='ltr'><strong>qaid</strong></span> <span class='ocrx_word' id='word_1_109' title='bbox 1198 1921 1227 1973; x_wconf 90' lang='lat' dir='ltr'><strong>in</strong></span> 
     </span>
     <span class='ocr_line' id='line_1_15' title="bbox 632 2017 872 2072; baseline -0.004 0"><span class='ocrx_word' id='word_1_110' title='bbox 632 2017 786 2072; x_wconf 76' lang='lat' dir='ltr'><strong>securicula</strong></span> <span class='ocrx_word' id='word_1_111' title='bbox 808 2019 872 2072; x_wconf 89' lang='lat' dir='ltr'><strong>siet.</strong></span> 
     </span>
    </p>
   </div>
   <div class='ocr_carea' id='block_1_4' title="bbox 174 2131 1227 2330">
    <p class='ocr_par' dir='ltr' id='par_1_8' title="bbox 174 2131 1227 2330">
     <span class='ocr_line' id='line_1_16' title="bbox 174 2131 1227 2226; baseline 0.001 -32"><span class='ocrx_word' id='word_1_112' title='bbox 174 2142 262 2194; x_wconf 82' lang='lat' dir='ltr'><strong>llere.</strong></span> <span class='ocrx_word' id='word_1_113' title='bbox 293 2143 350 2196; x_wconf 76' lang='grc'><strong>236</strong></span> <span class='ocrx_word' id='word_1_114' title='bbox 378 2140 410 2207; x_wconf 87' lang='grc' dir='ltr'><strong>(Ι,</strong></span> <span class='ocrx_word' id='word_1_115' title='bbox 439 2145 467 2206; x_wconf 87' lang='grc'><strong>2,</strong></span> <span class='ocrx_word' id='word_1_116' title='bbox 496 2137 547 2208; x_wconf 92' lang='grc'><strong>25)</strong></span> <span class='ocrx_word' id='word_1_117' title='bbox 612 2139 744 2208; x_wconf 86' lang='lat' dir='ltr'><strong>Loquere</strong></span> <span class='ocrx_word' id='word_1_118' title='bbox 766 2138 795 2192; x_wconf 92' lang='lat' dir='ltr'><strong>id</strong></span> <span class='ocrx_word' id='word_1_119' title='bbox 818 2141 919 2226; x_wconf 78' lang='lat' dir='ltr'><strong>nepoti,</strong></span> <span class='ocrx_word' id='word_1_120' title='bbox 946 2139 1017 2209; x_wconf 92' lang='lat' dir='ltr'><strong>quid</strong></span> <span class='ocrx_word' id='word_1_121' title='bbox 1039 2140 1102 2194; x_wconf 86' lang='lat' dir='ltr'><strong>siet.</strong></span> <span class='ocrx_word' id='word_1_122' title='bbox 1128 2131 1141 2216; x_wconf 87' lang='grc' dir='ltr'><strong>Ι)</strong></span> <span class='ocrx_word' id='word_1_123' title='bbox 1163 2139 1227 2195; x_wconf 82' lang='lat' dir='ltr'><strong>Pla-</strong></span> 
     </span>
     <span class='ocr_line' id='line_1_17' title="bbox 549 2231 1018 2330; baseline 0.002 -35"><span class='ocrx_word' id='word_1_124' title='bbox 549 2253 550 2256; x_wconf 72' lang='grc'>’</span> <span class='ocrx_word' id='word_1_125' title='bbox 628 2241 692 2330; x_wconf 55' lang='grc' dir='ltr'><strong>ὀίάθ</strong></span> <span class='ocrx_word' id='word_1_126' title='bbox 713 2241 780 2297; x_wconf 87' lang='lat' dir='ltr'><strong>uolo</strong></span> <span class='ocrx_word' id='word_1_127' title='bbox 803 2243 984 2312; x_wconf 79' lang='lat' dir='ltr'><strong>acquiescere.</strong></span> <span class='ocrx_word' id='word_1_128' title='bbox 996 2231 1018 2317; x_wconf 80' lang='grc'><strong>2)</strong></span> 
     </span>
    </p>
   </div>
   <div class='ocr_carea' id='block_1_5' title="bbox 175 2355 1229 2436">
    <p class='ocr_par' dir='ltr' id='par_1_9' title="bbox 175 2355 1229 2436">
     <span class='ocr_line' id='line_1_18' title="bbox 175 2355 1229 2436; baseline 0 -18"><span class='ocrx_word' id='word_1_129' title='bbox 175 2362 255 2418; x_wconf 78' lang='lat' dir='ltr'><strong>Asin.</strong></span> <span class='ocrx_word' id='word_1_130' title='bbox 285 2365 322 2419; x_wconf 82' lang='grc'><strong>27</strong></span> <span class='ocrx_word' id='word_1_131' title='bbox 351 2355 382 2436; x_wconf 89' lang='grc' dir='ltr'><strong>(Ι,</strong></span> <span class='ocrx_word' id='word_1_132' title='bbox 413 2367 440 2429; x_wconf 89' lang='lat' dir='ltr'><strong>t,</strong></span> <span class='ocrx_word' id='word_1_133' title='bbox 471 2355 517 2431; x_wconf 76' lang='grc'><strong>12)</strong></span> <span class='ocrx_word' id='word_1_134' title='bbox 615 2361 731 2417; x_wconf 80' lang='lat' dir='ltr'><strong>Proinde</strong></span> <span class='ocrx_word' id='word_1_135' title='bbox 754 2369 878 2416; x_wconf 87' lang='lat' dir='ltr'><strong>actutum</strong></span> <span class='ocrx_word' id='word_1_136' title='bbox 900 2362 984 2432; x_wconf 85' lang='lat' dir='ltr'><strong>istuc,</strong></span> <span class='ocrx_word' id='word_1_137' title='bbox 1010 2363 1080 2432; x_wconf 88' lang='lat' dir='ltr'><strong>quid</strong></span> <span class='ocrx_word' id='word_1_138' title='bbox 1103 2364 1139 2418; x_wconf 89' lang='lat' dir='ltr'><strong>sit</strong></span> <span class='ocrx_word' id='word_1_139' title='bbox 1154 2365 1229 2435; x_wconf 86' lang='lat' dir='ltr'><strong>quod</strong></span> 
     </span>
    </p>
   </div>
   <div class='ocr_carea' id='block_1_6' title="bbox 633 2465 1023 2536">
    <p class='ocr_par' dir='ltr' id='par_1_10' title="bbox 633 2465 1023 2536">
     <span class='ocr_line' id='line_1_19' title="bbox 633 2465 1023 2536; baseline 0.003 -19"><span class='ocrx_word' id='word_1_140' title='bbox 633 2466 703 2518; x_wconf 83' lang='lat' dir='ltr'><strong>scire</strong></span> <span class='ocrx_word' id='word_1_141' title='bbox 725 2466 841 2536; x_wconf 69' lang='lat' dir='ltr'><strong>expetis,</strong></span> <span class='ocrx_word' id='word_1_142' title='bbox 868 2465 1023 2534; x_wconf 84' lang='lat' dir='ltr'><strong>Eloquere.</strong></span> 
     </span>
    </p>
   </div>
   <div class='ocr_carea' id='block_1_7' title="bbox 77 2574 1228 2750">
    <p class='ocr_par' dir='ltr' id='par_1_11' title="bbox 77 2574 1228 2750">
     <span class='ocr_line' id='line_1_20' title="bbox 77 2574 1228 2660; baseline 0.003 -23"><span class='ocrx_word' id='word_1_143' title='bbox 77 2585 220 2641; x_wconf 72' lang='lat' dir='ltr'><strong>Toullon.</strong></span> <span class='ocrx_word' id='word_1_144' title='bbox 236 2589 294 2641; x_wconf 86' lang='grc'><strong>562</strong></span> <span class='ocrx_word' id='word_1_145' title='bbox 309 2581 367 2655; x_wconf 86' lang='lat'><strong>(111,</strong></span> <span class='ocrx_word' id='word_1_146' title='bbox 386 2576 477 2659; x_wconf 66' lang='grc'><strong>5,)5)</strong></span> <span class='ocrx_word' id='word_1_147' title='bbox 505 2583 595 2636; x_wconf 88' lang='lat' dir='ltr'><strong>Narra</strong></span> <span class='ocrx_word' id='word_1_148' title='bbox 618 2583 701 2649; x_wconf 90' lang='lat' dir='ltr'><strong>istuc,</strong></span> <span class='ocrx_word' id='word_1_149' title='bbox 732 2574 846 2653; x_wconf 81' lang='lat' dir='ltr'><strong>quaeso,</strong></span> <span class='ocrx_word' id='word_1_150' title='bbox 880 2583 950 2653; x_wconf 89' lang='lat' dir='ltr'><strong>quid</strong></span> <span class='ocrx_word' id='word_1_151' title='bbox 973 2585 1018 2638; x_wconf 92' lang='lat' dir='ltr'><strong>sit.</strong></span> <span class='ocrx_word' id='word_1_152' title='bbox 1038 2577 1154 2660; x_wconf 63' lang='lat' dir='ltr'><strong>“Immo</strong></span> <span class='ocrx_word' id='word_1_153' title='bbox 1178 2600 1228 2656; x_wconf 77' lang='lat' dir='ltr'><strong>epo</strong></span> 
     </span>
     <span class='ocr_line' id='line_1_21' title="bbox 636 2683 1105 2750; baseline 0.004 -12"><span class='ocrx_word' id='word_1_154' title='bbox 636 2692 660 2739; x_wconf 89' lang='lat' dir='ltr'><strong>te</strong></span> <span class='ocrx_word' id='word_1_155' title='bbox 683 2683 794 2740; x_wconf 85' lang='lat' dir='ltr'><strong>obsecro</strong></span> <span class='ocrx_word' id='word_1_156' title='bbox 818 2684 916 2750; x_wconf 76' lang='lat' dir='ltr'><strong>hercle,</strong></span> <span class='ocrx_word' id='word_1_157' title='bbox 942 2692 974 2740; x_wconf 90' lang='lat' dir='ltr'><strong>ut</strong></span> <span class='ocrx_word' id='word_1_158' title='bbox 995 2685 1105 2740; x_wconf 81' lang='lat' dir='ltr'><strong>audias.</strong></span> 
     </span>
    </p>
   </div>
   <div class='ocr_carea' id='block_1_8' title="bbox 77 2798 1226 2981">
    <p class='ocr_par' dir='ltr' id='par_1_12' title="bbox 77 2798 1226 2981">
     <span class='ocr_line' id='line_1_22' title="bbox 77 2798 1226 2880; baseline 0.002 -21"><span class='ocrx_word' id='word_1_159' title='bbox 77 2806 160 2860; x_wconf 88' lang='lat' dir='ltr'><strong>Plauti</strong></span> <span class='ocrx_word' id='word_1_160' title='bbox 175 2808 260 2863; x_wconf 86' lang='lat' dir='ltr'><strong>Most.</strong></span> <span class='ocrx_word' id='word_1_161' title='bbox 289 2811 347 2862; x_wconf 87' lang='grc'><strong>282</strong></span> <span class='ocrx_word' id='word_1_162' title='bbox 378 2798 409 2879; x_wconf 87' lang='lat'><strong>(1,</strong></span> <span class='ocrx_word' id='word_1_163' title='bbox 438 2810 466 2873; x_wconf 89' lang='lat'><strong>3,</strong></span> <span class='ocrx_word' id='word_1_164' title='bbox 497 2799 566 2880; x_wconf 76' lang='grc'><strong>225)</strong></span> <span class='ocrx_word' id='word_1_165' title='bbox 615 2804 746 2875; x_wconf 79' lang='lat' dir='ltr'><strong>Apedum,</strong></span> <span class='ocrx_word' id='word_1_166' title='bbox 766 2805 927 2874; x_wconf 86' lang='lat' dir='ltr'><strong>contempla</strong></span> <span class='ocrx_word' id='word_1_167' title='bbox 944 2821 1046 2860; x_wconf 87' lang='lat' dir='ltr'><strong>aurum</strong></span> <span class='ocrx_word' id='word_1_168' title='bbox 1062 2811 1091 2860; x_wconf 90' lang='lat' dir='ltr'><strong>et</strong></span> <span class='ocrx_word' id='word_1_169' title='bbox 1113 2806 1226 2874; x_wconf 86' lang='lat' dir='ltr'><strong>pallam,</strong></span> 
     </span>
     <span class='ocr_line' id='line_1_23' title="bbox 637 2899 1159 2981; baseline 0.006 -20"><span class='ocrx_word' id='word_1_170' title='bbox 637 2909 713 2963; x_wconf 86' lang='lat' dir='ltr'><strong>satin</strong></span> <span class='ocrx_word' id='word_1_171' title='bbox 735 2899 803 2981; x_wconf 72' lang='lat' dir='ltr'><strong>rici)</strong></span> <span class='ocrx_word' id='word_1_172' title='bbox 831 2923 873 2962; x_wconf 89' lang='lat' dir='ltr'><strong>me</strong></span> <span class='ocrx_word' id='word_1_173' title='bbox 895 2907 1006 2974; x_wconf 85' lang='lat' dir='ltr'><strong>deceat,</strong></span> <span class='ocrx_word' id='word_1_174' title='bbox 1035 2907 1159 2981; x_wconf 75' lang='lat' dir='ltr'><strong>Scapha.</strong></span> 
     </span>
    </p>
   </div>
   <div class='ocr_carea' id='block_1_9' title="bbox 78 3071 1235 4255">
    <p class='ocr_par' dir='ltr' id='par_1_13' title="bbox 78 3071 1233 3485">
     <span class='ocr_line' id='line_1_24' title="bbox 143 3071 1229 3140; baseline 0.002 -16"><span class='ocrx_word' id='word_1_175' title='bbox 143 3075 163 3138; x_wconf 76' lang='lat' dir='ltr'><strong>tl</strong></span> <span class='ocrx_word' id='word_1_176' title='bbox 185 3075 271 3136; x_wconf 89' lang='lat' dir='ltr'><strong>Quem</strong></span> <span class='ocrx_word' id='word_1_177' title='bbox 291 3079 381 3126; x_wconf 88' lang='lat' dir='ltr'><strong>tamen</strong></span> <span class='ocrx_word' id='word_1_178' title='bbox 400 3087 509 3124; x_wconf 89' lang='lat' dir='ltr'><strong>uersum</strong></span> <span class='ocrx_word' id='word_1_179' title='bbox 535 3076 611 3139; x_wconf 86' lang='lat' dir='ltr'><strong>pocla</strong></span> <span class='ocrx_word' id='word_1_180' title='bbox 636 3074 675 3123; x_wconf 91' lang='lat' dir='ltr'><strong>sie</strong></span> <span class='ocrx_word' id='word_1_181' title='bbox 697 3086 804 3138; x_wconf 90' lang='lat' dir='ltr'><strong>quoque</strong></span> <span class='ocrx_word' id='word_1_182' title='bbox 829 3071 947 3123; x_wconf 88' lang='lat' dir='ltr'><strong>seribere</strong></span> <span class='ocrx_word' id='word_1_183' title='bbox 966 3075 1066 3139; x_wconf 90' lang='lat' dir='ltr'><strong>potuit:</strong></span> <span class='ocrx_word' id='word_1_184' title='bbox 1092 3076 1151 3138; x_wconf 72' lang='lat' dir='ltr'><strong>Aac,</strong></span> <span class='ocrx_word' id='word_1_185' title='bbox 1173 3090 1229 3140; x_wconf 77' lang='lat' dir='ltr'><strong>ape,</strong></span> 
     </span>
     <span class='ocr_line' id='line_1_25' title="bbox 78 3157 1231 3226; baseline 0.002 -16"><span class='ocrx_word' id='word_1_186' title='bbox 78 3164 132 3211; x_wconf 84' lang='lat' dir='ltr'><strong>cedo</strong></span> <span class='ocrx_word' id='word_1_187' title='bbox 148 3166 214 3214; x_wconf 81' lang='lat' dir='ltr'><strong>ictae</strong></span> <span class='ocrx_word' id='word_1_188' title='bbox 231 3167 309 3213; x_wconf 87' lang='lat' dir='ltr'><strong>tuum</strong></span> <span class='ocrx_word' id='word_1_189' title='bbox 326 3163 467 3220; x_wconf 72' lang='lat' dir='ltr'><strong>cucullium,</strong></span> <span class='ocrx_word' id='word_1_190' title='bbox 494 3162 556 3222; x_wconf 82' lang='lat' dir='ltr'><strong>quid</strong></span> <span class='ocrx_word' id='word_1_191' title='bbox 578 3162 618 3210; x_wconf 77' lang='lat' dir='ltr'><strong>sit.</strong></span> <span class='ocrx_word' id='word_1_192' title='bbox 633 3159 644 3221; x_wconf 82' lang='grc' dir='ltr'><strong>ΙΙ</strong></span> <span class='ocrx_word' id='word_1_193' title='bbox 657 3159 881 3210; x_wconf 77' lang='lat' dir='ltr'><strong>Adsimulabimnr.</strong></span> <span class='ocrx_word' id='word_1_194' title='bbox 911 3159 979 3209; x_wconf 81' lang='lat' dir='ltr'><strong>Cum</strong></span> <span class='ocrx_word' id='word_1_195' title='bbox 1002 3173 1068 3210; x_wconf 90' lang='lat' dir='ltr'><strong>uero</strong></span> <span class='ocrx_word' id='word_1_196' title='bbox 1092 3157 1122 3210; x_wconf 76' lang='lat' dir='ltr'><strong>li</strong></span> <span class='ocrx_word' id='word_1_197' title='bbox 1146 3163 1231 3226; x_wconf 86' lang='lat' dir='ltr'><strong>prima</strong></span> 
     </span>
     <span class='ocr_line' id='line_1_26' title="bbox 79 3241 1231 3315; baseline -0.001 -18"><span class='ocrx_word' id='word_1_198' title='bbox 79 3261 168 3298; x_wconf 87' lang='lat' dir='ltr'><strong>manus</strong></span> <span class='ocrx_word' id='word_1_199' title='bbox 179 3248 308 3315; x_wconf 68' lang='lat' dir='ltr'><strong>puebeat</strong></span> <span class='ocrx_word' id='word_1_200' title='bbox 324 3246 590 3310; x_wconf 74' lang='lat' dir='ltr'><strong>Quinournlnnsr,</strong></span> <span class='ocrx_word' id='word_1_201' title='bbox 611 3246 634 3296; x_wconf 89' lang='lat' dir='ltr'><strong>is</strong></span> <span class='ocrx_word' id='word_1_202' title='bbox 658 3245 704 3308; x_wconf 90' lang='lat' dir='ltr'><strong>qui</strong></span> <span class='ocrx_word' id='word_1_203' title='bbox 723 3241 792 3295; x_wconf 73' lang='lat' dir='ltr'><strong>hanc&#39;</strong></span> <span class='ocrx_word' id='word_1_204' title='bbox 809 3248 995 3297; x_wconf 84' lang='lat' dir='ltr'><strong>recensionem</strong></span> <span class='ocrx_word' id='word_1_205' title='bbox 1012 3246 1135 3307; x_wconf 83' lang='lat' dir='ltr'><strong>coniecit,</strong></span> <span class='ocrx_word' id='word_1_206' title='bbox 1151 3247 1231 3298; x_wconf 85' lang='lat' dir='ltr'><strong>talem</strong></span> 
     </span>
     <span class='ocr_line' id='line_1_27' title="bbox 79 3323 1233 3396; baseline 0 -15"><span class='ocrx_word' id='word_1_207' title='bbox 79 3347 182 3384; x_wconf 87' lang='lat' dir='ltr'><strong>uersum</strong></span> <span class='ocrx_word' id='word_1_208' title='bbox 201 3325 240 3386; x_wconf 71' lang='lat' dir='ltr'><strong>in‘</strong></span> <span class='ocrx_word' id='word_1_209' title='bbox 249 3335 340 3384; x_wconf 89' lang='lat' dir='ltr'><strong>animo</strong></span> <span class='ocrx_word' id='word_1_210' title='bbox 358 3333 485 3382; x_wconf 86' lang='lat' dir='ltr'><strong>habuisse</strong></span> <span class='ocrx_word' id='word_1_211' title='bbox 498 3331 618 3382; x_wconf 89' lang='lat' dir='ltr'><strong>uidetur:</strong></span> <span class='ocrx_word' id='word_1_212' title='bbox 640 3323 702 3394; x_wconf 77' lang='lat' dir='ltr'><strong>&#39;Apa</strong></span> <span class='ocrx_word' id='word_1_213' title='bbox 712 3344 760 3396; x_wconf 73' lang='lat' dir='ltr'><strong>aaa</strong></span> <span class='ocrx_word' id='word_1_214' title='bbox 773 3333 832 3382; x_wconf 84' lang='lat' dir='ltr'><strong>cado</strong></span> <span class='ocrx_word' id='word_1_215' title='bbox 843 3334 909 3384; x_wconf 78' lang='lat' dir='ltr'><strong>ictuc</strong></span> <span class='ocrx_word' id='word_1_216' title='bbox 921 3337 997 3384; x_wconf 75' lang='lat' dir='ltr'><strong>tuum</strong></span> <span class='ocrx_word' id='word_1_217' title='bbox 1009 3323 1144 3384; x_wconf 75' lang='lat' dir='ltr'><strong>consiliunt</strong></span> <span class='ocrx_word' id='word_1_218' title='bbox 1154 3335 1233 3395; x_wconf 77' lang='lat' dir='ltr'><strong>puid-</strong></span> 
     </span>
     <span class='ocr_line' id='line_1_28' title="bbox 79 3417 468 3485; baseline -0.005 -15"><span class='ocrx_word' id='word_1_219' title='bbox 79 3423 134 3482; x_wconf 85' lang='lat' dir='ltr'><strong>quid</strong></span> <span class='ocrx_word' id='word_1_220' title='bbox 151 3427 194 3472; x_wconf 81' lang='lat' dir='ltr'><strong>ert.</strong></span> <span class='ocrx_word' id='word_1_221' title='bbox 209 3423 221 3485; x_wconf 83' lang='grc' dir='ltr'><strong>ΙΙ</strong></span> <span class='ocrx_word' id='word_1_222' title='bbox 232 3417 468 3472; x_wconf 72' lang='lat' dir='ltr'><strong>&#39;Adsimulabimus</strong></span> 
     </span>
    </p>

    <p class='ocr_par' dir='ltr' id='par_1_14' title="bbox 81 3501 1230 3655">
     <span class='ocr_line' id='line_1_29' title="bbox 143 3501 1230 3571; baseline -0.003 -15"><span class='ocrx_word' id='word_1_223' title='bbox 143 3507 166 3570; x_wconf 86' lang='grc'><strong>2)</strong></span> <span class='ocrx_word' id='word_1_224' title='bbox 188 3509 252 3571; x_wconf 82' lang='lat' dir='ltr'><strong>quid</strong></span> <span class='ocrx_word' id='word_1_225' title='bbox 274 3507 322 3556; x_wconf 84' lang='lat' dir='ltr'><strong>sict</strong></span> <span class='ocrx_word' id='word_1_226' title='bbox 346 3504 456 3555; x_wconf 84' lang='lat' dir='ltr'><strong>llitsohl.</strong></span> <span class='ocrx_word' id='word_1_227' title='bbox 482 3501 542 3552; x_wconf 89' lang='lat' dir='ltr'><strong>libri</strong></span> <span class='ocrx_word' id='word_1_228' title='bbox 566 3502 696 3566; x_wconf 83' lang='lat' dir='ltr'><strong>praebent</strong></span> <span class='ocrx_word' id='word_1_229' title='bbox 720 3504 844 3566; x_wconf 82' lang='lat' dir='ltr'><strong>quidquid</strong></span> <span class='ocrx_word' id='word_1_230' title='bbox 867 3507 920 3564; x_wconf 83' lang='lat' dir='ltr'><strong>eat,</strong></span> <span class='ocrx_word' id='word_1_231' title='bbox 938 3517 1020 3567; x_wconf 86' lang='lat' dir='ltr'><strong>quam</strong></span> <span class='ocrx_word' id='word_1_232' title='bbox 1040 3504 1182 3554; x_wconf 83' lang='lat' dir='ltr'><strong>lectionem</strong></span> <span class='ocrx_word' id='word_1_233' title='bbox 1201 3505 1230 3553; x_wconf 93' lang='lat'><strong>0.</strong></span> 
     </span>
     <span class='ocr_line' id='line_1_30' title="bbox 81 3585 699 3655; baseline -0.006 -15"><span class='ocrx_word' id='word_1_234' title='bbox 81 3593 188 3655; x_wconf 81' lang='lat' dir='ltr'><strong>Seyliert</strong></span> <span class='ocrx_word' id='word_1_235' title='bbox 205 3591 326 3644; x_wconf 77' lang='lat' dir='ltr'><strong>defendit</strong></span> <span class='ocrx_word' id='word_1_236' title='bbox 344 3592 371 3640; x_wconf 95' lang='lat' dir='ltr'><strong>in</strong></span> <span class='ocrx_word' id='word_1_237' title='bbox 389 3588 482 3638; x_wconf 86' lang='lat' dir='ltr'><strong>Philol.</strong></span> <span class='ocrx_word' id='word_1_238' title='bbox 503 3585 577 3638; x_wconf 88' lang='lat' dir='ltr'><strong>XXV</strong></span> <span class='ocrx_word' id='word_1_239' title='bbox 594 3602 621 3652; x_wconf 89' lang='lat' dir='ltr'><strong>p.</strong></span> <span class='ocrx_word' id='word_1_240' title='bbox 642 3590 699 3637; x_wconf 73' lang='lat' dir='ltr'><strong>lis.</strong></span> 
     </span>
    </p>

    <p class='ocr_par' dir='ltr' id='par_1_15' title="bbox 81 3661 1235 4255">
     <span class='ocr_line' id='line_1_31' title="bbox 145 3661 1232 3743; baseline -0.004 -15"><span class='ocrx_word' id='word_1_241' title='bbox 145 3681 167 3738; x_wconf 78' lang='lat' dir='ltr'><strong>tl</strong></span> <span class='ocrx_word' id='word_1_242' title='bbox 187 3683 226 3730; x_wconf 81' lang='lat' dir='ltr'><strong>sic</strong></span> <span class='ocrx_word' id='word_1_243' title='bbox 243 3691 291 3743; x_wconf 88' lang='lat' dir='ltr'><strong>pro</strong></span> <span class='ocrx_word' id='word_1_244' title='bbox 309 3679 379 3738; x_wconf 84' lang='lat' dir='ltr'><strong>baec,</strong></span> <span class='ocrx_word' id='word_1_245' title='bbox 401 3674 473 3740; x_wconf 89' lang='lat' dir='ltr'><strong>quod</strong></span> <span class='ocrx_word' id='word_1_246' title='bbox 491 3673 551 3724; x_wconf 90' lang='lat' dir='ltr'><strong>llbri</strong></span> <span class='ocrx_word' id='word_1_247' title='bbox 570 3661 707 3737; x_wconf 80' lang='lat' dir='ltr'><strong>praebent,</strong></span> <span class='ocrx_word' id='word_1_248' title='bbox 734 3676 803 3724; x_wconf 89' lang='lat' dir='ltr'><strong>coni.</strong></span> <span class='ocrx_word' id='word_1_249' title='bbox 825 3674 1006 3724; x_wconf 85' lang='lat' dir='ltr'><strong>studemund:</strong></span> <span class='ocrx_word' id='word_1_250' title='bbox 1033 3672 1103 3723; x_wconf 87' lang='lat' dir='ltr'><strong>coni.</strong></span> <span class='ocrx_word' id='word_1_251' title='bbox 1124 3673 1232 3724; x_wconf 88' lang='lat' dir='ltr'><strong>Phorm.</strong></span> 
     </span>
     <span class='ocr_line' id='line_1_32' title="bbox 81 3758 1234 3826; baseline -0.001 -17"><span class='ocrx_word' id='word_1_252' title='bbox 81 3765 139 3812; x_wconf 79' lang='lat' dir='ltr'><strong>att:</strong></span> <span class='ocrx_word' id='word_1_253' title='bbox 160 3778 222 3816; x_wconf 82' lang='lat' dir='ltr'><strong>nam</strong></span> <span class='ocrx_word' id='word_1_254' title='bbox 241 3766 302 3815; x_wconf 82' lang='lat' dir='ltr'><strong>naec</strong></span> <span class='ocrx_word' id='word_1_255' title='bbox 318 3762 353 3814; x_wconf 84' lang='lat' dir='ltr'><strong>ad</strong></span> <span class='ocrx_word' id='word_1_256' title='bbox 372 3760 470 3826; x_wconf 85' lang='lat' dir='ltr'><strong>pallam</strong></span> <span class='ocrx_word' id='word_1_257' title='bbox 489 3759 573 3809; x_wconf 86' lang='lat' dir='ltr'><strong>solam</strong></span> <span class='ocrx_word' id='word_1_258' title='bbox 592 3761 707 3824; x_wconf 85' lang='lat' dir='ltr'><strong>spectat,</strong></span> <span class='ocrx_word' id='word_1_259' title='bbox 732 3763 812 3824; x_wconf 86' lang='lat' dir='ltr'><strong>atque</strong></span> <span class='ocrx_word' id='word_1_260' title='bbox 837 3759 933 3809; x_wconf 84' lang='lat' dir='ltr'><strong>saltem</strong></span> <span class='ocrx_word' id='word_1_261' title='bbox 955 3771 1015 3810; x_wconf 86' lang='lat' dir='ltr'><strong>csse</strong></span> <span class='ocrx_word' id='word_1_262' title='bbox 1039 3758 1155 3809; x_wconf 84' lang='lat' dir='ltr'><strong>debebat</strong></span> <span class='ocrx_word' id='word_1_263' title='bbox 1172 3760 1234 3808; x_wconf 82' lang='lat' dir='ltr'><strong>iaec</strong></span> 
     </span>
     <span class='ocr_line' id='line_1_33' title="bbox 81 3843 1231 3910; baseline -0.003 -14"><span class='ocrx_word' id='word_1_264' title='bbox 81 3849 186 3900; x_wconf 67' lang='lat' dir='ltr'><strong>mecam.</strong></span> <span class='ocrx_word' id='word_1_265' title='bbox 219 3847 473 3900; x_wconf 69' lang='lat' dir='ltr'><strong>inauratarum:</strong></span> <span class='ocrx_word' id='word_1_266' title='bbox 494 3843 544 3894; x_wconf 91' lang='lat' dir='ltr'><strong>Vbi</strong></span> <span class='ocrx_word' id='word_1_267' title='bbox 562 3846 634 3894; x_wconf 89' lang='lat' dir='ltr'><strong>enim</strong></span> <span class='ocrx_word' id='word_1_268' title='bbox 653 3845 720 3895; x_wconf 84' lang='lat' dir='ltr'><strong>liaeo</strong></span> <span class='ocrx_word' id='word_1_269' title='bbox 737 3846 935 3910; x_wconf 81' lang='lat' dir='ltr'><strong>anticipationis</strong></span> <span class='ocrx_word' id='word_1_270' title='bbox 954 3848 1087 3895; x_wconf 86' lang='lat' dir='ltr'><strong>structura</strong></span> <span class='ocrx_word' id='word_1_271' title='bbox 1106 3845 1231 3904; x_wconf 84' lang='lat' dir='ltr'><strong>occurrit,</strong></span> 
     </span>
     <span class='ocr_line' id='line_1_34' title="bbox 82 3929 1235 3986; baseline -0.003 -5"><span class='ocrx_word' id='word_1_272' title='bbox 82 3934 226 3986; x_wconf 87' lang='lat' dir='ltr'><strong>subiectum</strong></span> <span class='ocrx_word' id='word_1_273' title='bbox 246 3935 312 3985; x_wconf 91' lang='lat' dir='ltr'><strong>illud</strong></span> <span class='ocrx_word' id='word_1_274' title='bbox 331 3935 358 3984; x_wconf 94' lang='lat' dir='ltr'><strong>in</strong></span> <span class='ocrx_word' id='word_1_275' title='bbox 376 3932 512 3983; x_wconf 84' lang='lat' dir='ltr'><strong>obiectum</strong></span> <span class='ocrx_word' id='word_1_276' title='bbox 538 3930 681 3982; x_wconf 82' lang='lat' dir='ltr'><strong>artificiose</strong></span> <span class='ocrx_word' id='word_1_277' title='bbox 705 3933 838 3981; x_wconf 89' lang='lat' dir='ltr'><strong>mutatum</strong></span> <span class='ocrx_word' id='word_1_278' title='bbox 863 3932 890 3980; x_wconf 93' lang='lat' dir='ltr'><strong>in</strong></span> <span class='ocrx_word' id='word_1_279' title='bbox 915 3931 1052 3980; x_wconf 89' lang='lat' dir='ltr'><strong>enuntiato</strong></span> <span class='ocrx_word' id='word_1_280' title='bbox 1075 3929 1235 3980; x_wconf 87' lang='lat' dir='ltr'><strong>secundario</strong></span> 
     </span>
     <span class='ocr_line' id='line_1_35' title="bbox 83 4016 1233 4082; baseline -0.003 -15"><span class='ocrx_word' id='word_1_281' title='bbox 83 4023 243 4081; x_wconf 87' lang='lat' dir='ltr'><strong>pronominis</strong></span> <span class='ocrx_word' id='word_1_282' title='bbox 260 4019 464 4070; x_wconf 80' lang='lat' dir='ltr'><strong>demonstratini</strong></span> <span class='ocrx_word' id='word_1_283' title='bbox 477 4016 642 4066; x_wconf 83' lang='lat' dir='ltr'><strong>nominatius</strong></span> <span class='ocrx_word' id='word_1_284' title='bbox 655 4018 744 4082; x_wconf 86' lang='lat' dir='ltr'><strong>repeti</strong></span> <span class='ocrx_word' id='word_1_285' title='bbox 754 4030 806 4066; x_wconf 91' lang='lat' dir='ltr'><strong>non</strong></span> <span class='ocrx_word' id='word_1_286' title='bbox 819 4029 898 4081; x_wconf 88' lang='lat' dir='ltr'><strong>posse</strong></span> <span class='ocrx_word' id='word_1_287' title='bbox 910 4017 1027 4068; x_wconf 88' lang='lat' dir='ltr'><strong>uidetur.</strong></span> <span class='ocrx_word' id='word_1_288' title='bbox 1048 4017 1233 4077; x_wconf 77' lang='lat' dir='ltr'><strong>cunctamen,</strong></span> 
     </span>
     <span class='ocr_line' id='line_1_36' title="bbox 85 4101 1235 4168; baseline -0.002 -16"><span class='ocrx_word' id='word_1_289' title='bbox 85 4118 114 4153; x_wconf 88' lang='lat' dir='ltr'><strong>ne</strong></span> <span class='ocrx_word' id='word_1_290' title='bbox 132 4107 199 4159; x_wconf 84' lang='lat' dir='ltr'><strong>lianc</strong></span> <span class='ocrx_word' id='word_1_291' title='bbox 218 4109 382 4158; x_wconf 83' lang='lat' dir='ltr'><strong>structuram</strong></span> <span class='ocrx_word' id='word_1_292' title='bbox 394 4101 543 4154; x_wconf 85' lang='lat' dir='ltr'><strong>conlaudas</strong></span> <span class='ocrx_word' id='word_1_293' title='bbox 555 4115 617 4152; x_wconf 88' lang='lat' dir='ltr'><strong>oum</strong></span> <span class='ocrx_word' id='word_1_294' title='bbox 631 4116 729 4166; x_wconf 78' lang='lat' dir='ltr'><strong>genere</strong></span> <span class='ocrx_word' id='word_1_295' title='bbox 741 4103 858 4168; x_wconf 82' lang='lat' dir='ltr'><strong>qrrodam</strong></span> <span class='ocrx_word' id='word_1_296' title='bbox 872 4101 1138 4154; x_wconf 79' lang='lat' dir='ltr'><strong>attractiom&#39;suelut:</strong></span> <span class='ocrx_word' id='word_1_297' title='bbox 1157 4101 1235 4165; x_wconf 84' lang='lat' dir='ltr'><strong>Gapt.</strong></span> 
     </span>
     <span class='ocr_line' id='line_1_37' title="bbox 86 4188 1232 4255; baseline -0.004 -16"><span class='ocrx_word' id='word_1_298' title='bbox 86 4192 146 4254; x_wconf 87' lang='lat' dir='ltr'><strong>prol.</strong></span> <span class='ocrx_word' id='word_1_299' title='bbox 173 4198 196 4242; x_wconf 87' lang='lat' dir='ltr'><strong>t:</strong></span> <span class='ocrx_word' id='word_1_300' title='bbox 223 4194 274 4244; x_wconf 82' lang='lat' dir='ltr'><strong>Hos</strong></span> <span class='ocrx_word' id='word_1_301' title='bbox 298 4205 361 4255; x_wconf 81' lang='lat' dir='ltr'><strong>quos</strong></span> <span class='ocrx_word' id='word_1_302' title='bbox 387 4191 478 4242; x_wconf 84' lang='lat' dir='ltr'><strong>uidetis</strong></span> <span class='ocrx_word' id='word_1_303' title='bbox 501 4194 571 4240; x_wconf 79' lang='lat' dir='ltr'><strong>alara</strong></span> <span class='ocrx_word' id='word_1_304' title='bbox 594 4189 634 4239; x_wconf 83' lang='lat' dir='ltr'><strong>iic</strong></span> <span class='ocrx_word' id='word_1_305' title='bbox 657 4215 691 4225; x_wconf 89' lang='grc'>-</span> <span class='ocrx_word' id='word_1_306' title='bbox 715 4190 742 4239; x_wconf 87' lang='lat' dir='ltr'><strong>bi</strong></span> <span class='ocrx_word' id='word_1_307' title='bbox 764 4194 840 4240; x_wconf 79' lang='lat' dir='ltr'><strong>stant.</strong></span> <span class='ocrx_word' id='word_1_308' title='bbox 873 4189 969 4240; x_wconf 73' lang='lat' dir='ltr'><strong>Pseud.</strong></span> <span class='ocrx_word' id='word_1_309' title='bbox 991 4191 1040 4240; x_wconf 77' lang='grc'><strong>528</strong></span> <span class='ocrx_word' id='word_1_310' title='bbox 1063 4189 1090 4250; x_wconf 88' lang='lat' dir='ltr'><strong>(l,</strong></span> <span class='ocrx_word' id='word_1_311' title='bbox 1112 4192 1135 4248; x_wconf 85' lang='grc'><strong>5,</strong></span> <span class='ocrx_word' id='word_1_312' title='bbox 1158 4188 1232 4250; x_wconf 71' lang='lat' dir='ltr'><strong>itti:</strong></span> 
     </span>
    </p>
   </div>
   <div class='ocr_carea' id='block_1_10' title="bbox 0 0 1570 5024">
    <p class='ocr_par' dir='ltr' id='par_1_16' title="bbox 0 0 1570 5024">
     <span class='ocr_line' id='line_1_38' title="bbox 0 0 1570 5024; baseline 0 0"><span class='ocrx_word' id='word_1_313' title='bbox 0 0 1570 5024; x_wconf 95' lang='lat' dir='ltr'><strong> </strong></span> 
     </span>
    </p>
   </div>
  </div>
 </body>
</html>
