3116 5020
223 450 228 468 x
329 391 372 449 De
396 391 522 452 Srurixi
544 391 823 452 lnrnnnoorrronvu
847 390 1045 462 Oanrerinru.
1206 390 1267 451 313
1369 438 1370 441 ,

106 567 176 622 Cato
201 566 237 622 de
262 583 287 622 r.
314 584 339 621 r.
365 567 410 635 tl,
440 569 454 622 i
484 567 596 622 Vineam
618 583 677 638 quo
700 570 727 622 ie
751 583 819 637 agro
843 570 952 623 censeri
972 557 1124 640 oportet,¹J
1151 569 1192 622 sic
1214 566 1269 622 ob-

671 675 805 726 seruato:
832 671 881 742 qui
904 671 983 726 locos
998 672 1068 726 uino
1085 673 1205 742 optimus
1222 671 1269 724 di-

672 779 749 828 cetor
771 790 831 828 esse
853 781 879 828 et
901 781 1024 830 ostentes
1043 775 1109 839 soli,
1135 771 1175 828 ibi
1190 771 1269 826 Ami-

671 893 754 930 neum
776 878 966 932 minusculum
994 920 999 931 .
1022 919 1027 930 .
1049 919 1055 931 .
1081 877 1229 932 conserite.

100 981 141 1036 ΡΙ.
168 981 258 1035 Poen.
285 980 317 1048 V,
348 983 375 1048 i,
405 984 440 1036 ta
468 974 575 1054 (titt)
604 978 693 1051 Spero
716 980 853 1050 equidem.
873 971 885 1057 ΙΙ
902 980 938 1032 Et
950 979 1001 1052 pol
1015 997 1075 1050 epo,
1102 997 1197 1050 quom,
1224 979 1270 1032 in-

670 1083 760 1151 geniis
796 1081 904 1152 quibus
934 1097 1034 1137 sumus
1068 1089 1151 1154 atque
1180 1083 1264 1150 oliae,

242 1241 243 1246 ,
671 1200 824 1254 cognosco.

189 1286 308 1346 Nomen
330 1283 450 1361 ipsum,
486 1282 568 1362 quod
592 1301 649 1361 per
670 1283 881 1344 attractionem
911 1283 943 1343 in
966 1283 1159 1343 enuntiatum
1184 1284 1270 1344 rela-

99 1391 202 1458 tiuum
228 1396 389 1465 receptum
414 1396 478 1464 est,
510 1387 541 1446 in
565 1387 723 1447 enuntiato
754 1384 997 1447 demonstratiuo
1019 1396 1130 1448 neutro
1152 1405 1271 1466 prono-

99 1492 193 1552 minis
217 1490 384 1568 repetitur:

100 1601 139 1654 Pl.
168 1598 262 1654 Stich.
294 1601 353 1653 405
382 1588 412 1671 (1,
443 1601 470 1667 2,
493 1589 540 1671 ts)
569 1595 676 1666 quibus
698 1604 845 1652 matrones
868 1595 1008 1665 moribus,
1038 1595 1117 1662 Quae
1138 1602 1271 1666 optumae

671 1707 746 1762 sunt,
774 1714 832 1753 esse
854 1702 985 1768 oportet,
1012 1699 1041 1754 id
1050 1692 1072 1775 2)
1099 1705 1218 1770 utroque
1239 1707 1270 1754 ot

672 1799 747 1854 dicat
769 1801 846 1855 milei.

187 2108 237 2167 Ex
259 2107 316 2185 eis,
343 2125 422 2184 quae
446 2105 502 2165 hoc
524 2105 613 2164 tertio
635 2105 733 2182 capito
750 2105 990 2183 composuimus,
1017 2113 1154 2186 apparet,
1175 2122 1268 2182 quam

98 2205 227 2286 difficile
257 2208 350 2269 tuerit
375 2209 487 2289 priscis
517 2205 720 2285 scriptoribus
750 2206 782 2266 in
812 2225 845 2266 re
868 2225 949 2268 noua
972 2217 1073 2269 certas
1096 2217 1128 2268 et
1150 2209 1269 2268 consti-

99 2325 189 2374 tuere
213 2312 368 2391 ingeniose
391 2320 422 2370 et
444 2319 619 2370 constanter
651 2309 818 2370 obseruare
841 2310 925 2389 leges
948 2313 1144 2390 syntacticas.
1184 2309 1268 2371 ldem

101 2417 198 2495 igitur
221 2416 251 2474 in
275 2415 334 2474 hac
356 2414 536 2492 quaestione
560 2411 665 2474 uidere
687 2413 757 2473 licet
779 2411 860 2491 quod
885 2414 915 2472 in
938 2413 1098 2492 plurimis,
1127 2412 1270 2494 quae'ad

103 2528 203 2580 artem
228 2515 384 2577 scribendi
408 2517 518 2576 horum
541 2517 725 2593 scriptorum
748 2517 873 2595 penitus
904 2515 1147 2594 cognoscendam
1175 2517 1270 2576 insti-

106 2630 258 2683 tuuntur:
287 2629 405 2679 certum
429 2617 557 2697 quidem
580 2637 707 2679 sensum
729 2619 781 2679 uel
804 2618 980 2679 instinctum
998 2639 1049 2680 eos
1064 2628 1186 2680 secutos
1202 2638 1271 2680 esse

100 2741 310 2752 .......--—---

175 2808 199 2870 4)
221 2807 304 2856 Varro
323 2810 412 2857 tamen
432 2821 493 2856 cum
508 2807 541 2856 de
556 2821 576 2858 r.
594 2821 615 2856 ι·.
629 2806 675 2855 lib.
692 2809 711 2856 Ι.
726 2819 749 2854 c.
765 2807 837 2856 XXV
857 2807 908 2855 hoc
925 2809 1006 2870 capnt.
1023 2820 1056 2855 ex
1069 2807 1168 2856 Catone
1182 2811 1271 2858 trsns-

102 2894 195 2952 ferret,
216 2906 280 2942 sune
300 2893 394 2942 aetatis
414 2892 542 2956 loquendi
562 2893 621 2941 usui
642 2893 793 2940 inseruions
815 2891 924 2940 modum
943 2893 1146 2942 coniunctiuum
1166 2895 1267 2956 posuit:
1318 2905 1319 2910 ’

106 2981 185 3029 Vinea
204 2992 253 3042 quo
271 2981 298 3028 im
316 2991 383 3041 apro
401 2980 514 3028 serundo
531 2981 571 3036 sit,
592 2980 628 3027 sic
646 2964 851 3035 obseruandum
872 2977 988 3026 similem
1007 2979 1167 3028 sententiam
1187 2978 1272 3028 hobe-

103 3078 166 3116 mus
184 3065 255 3129 apud
276 3064 403 3113 Catonem
424 3063 457 3112 de
477 3077 496 3111 r.
521 3077 541 3112 r.
563 3063 605 3119 Vi,
628 3068 638 3110 4
662 3066 771 3126 Aprum,
795 3063 887 3124 quibos
905 3065 965 3112 locis
983 3077 1110 3122 omiseras,
1131 3067 1167 3113 sic
1184 3065 1272 3114 obser-

101 3153 166 3201 uari
184 3155 293 3212 oportet:
317 3149 362 3200 Vm·
379 3163 445 3213 epar
463 3163 567 3200 crassos
584 3154 607 3199 et
626 3149 707 3197 laetos
725 3150 832 3197 estsine
850 3149 1000 3209 arboribus,
1021 3164 1079 3199 eom
1099 3163 1194 3212 aprum
1212 3151 1272 3212 [ru-

101 3239 262 3288 mentorium
279 3249 332 3286 osse
350 3240 460 3297 oportat;
481 3249 600 3284 conseras
618 3237 660 3283 est
677 3233 865 3282 coniunctiuus
890 3234 1043 3295 absolutus,
1070 3236 1115 3298 qui
1139 3250 1200 3285 cum
1226 3249 1271 3286 se-

105 3323 193 3372 cundo
213 3322 290 3371 uerbi
311 3334 424 3384 persona
444 3321 470 3368 in
490 3319 623 3370 eiusmodi
642 3319 781 3368 sententiis
799 3320 924 3382 coniungi
943 3319 1026 3380 solet,
1047 3324 1076 3369 ut
1095 3320 1171 3384 Epid.
1194 3322 1222 3383 V,
1243 3327 1268 3381 2,

106 3414 139 3458 53
160 3409 255 3458 Sedet
273 3407 427 3466 acerbomst,
445 3419 496 3468 pro
514 3407 648 3470 benefactis
666 3417 742 3467 quom
760 3407 823 3454 malt
841 3410 944 3456 messim
956 3411 1043 3455 metas.
1077 3405 1174 3456 Confer
1193 3421 1271 3470 prae·
1306 3473 1307 3476 Ἴ

106 3500 180 3544 terea
200 3493 382 3542 Luebbertum
403 3491 625 3553 (Grammatische
650 3490 756 3540 studien
783 3491 812 3548 ii,
834 3504 858 3553 p.
881 3492 932 3547 77),
955 3492 999 3555 qui
1020 3493 1148 3552 »Plautus
1173 3494 1269 3556 inquit,

105 3583 150 3630 tot
167 3581 252 3629 diesen
271 3580 413 3628 coniunctio
432 3577 497 3626 noch
515 3589 593 3638 quom
611 3592 663 3627 rtur
680 3579 707 3626 in
725 3579 771 3626 der
788 3579 896 3628 zweiten
917 3589 1013 3638 person
1037 3581 1102 3641 stop.
1123 3580 1166 3627 des
1188 3581 1270 3640 uerbi,

104 3665 247 3715 wachrend
270 3677 300 3712 er
324 3662 384 3723 soar
409 3663 569 3726 derpleicieo
584 3663 742 3726 olipemeioe
765 3663 967 3712 ooriwmmnisse
990 3662 1049 3723 fuer
1073 3666 1114 3713 die
1137 3669 1201 3715 erste
1219 3667 1272 3715 uod

104 3755 182 3801 dritte
198 3763 295 3813 person
312 3751 361 3798 deo
378 3750 504 3799 incitatio
517 3749 631 3808 bracchi,
652 3749 736 3798 tndem
755 3760 786 3796 er
803 3751 839 3797 sie
856 3749 925 3797 nicht
936 3761 989 3806 pur
1007 3750 1045 3798 ots
1063 3751 1194 3812 meepiieit,
1209 3765 1272 3801 son-

103 3840 170 3888 dero
188 3837 226 3885 ais
245 3835 423 3884 thotsnecitiici
441 3835 581 3884 eontulit«

143 3933 145 3937 ·
174 3923 199 3983 2)
221 3924 326 3982 oportet,
346 3922 373 3969 id
392 3919 501 3977 ititschi,
526 3919 764 3970 OPORTETOSED
777 3920 806 3977 A,
828 3924 926 3980 oportet
943 3921 986 3968 seii
1003 3919 1080 3979 BCD;
1104 3920 1174 3969 irnde
1194 3935 1272 3984 opor-

104 4013 137 4058 tet
154 4021 197 4056 ees
216 4006 332 4055 coniecit
343 4005 475 4066 Kiessiing
498 4005 531 4066 (in
552 4007 618 4054 Mus.
641 4004 722 4053 Rhen.
743 4005 828 4053 xxm
847 4018 872 4068 p.
897 4008 963 4066 448),
997 4005 1021 4053 S.
1042 4005 1128 4067 Bupge
1149 4007 1173 4054 in
1193 4007 1273 4057 Tids-

104 4092 184 4144 skriit
209 4090 249 4140 ior
269 4090 396 4152 Philologi
423 4104 455 4152 og
474 4090 630 4153 Paedsgogik
654 4090 707 4139 uoi.
729 4090 760 4138 VI
779 4103 837 4153 pag.
861 4093 891 4137 45
916 4091 1070 4151 sedutroqoe
1093 4093 1272 4154 compositum

104 4179 244 4242 ingenioso
263 4175 444 4226 commendat.
