3116 5020
309 419 352 480 Da
375 420 504 482 84444444
527 421 807 485 14444404444444444
829 422 1030 494 Oeneum.
1186 423 1248 488 287

81 594 114 647 444
136 591 219 650 tristi
240 598 285 651 est
306 589 379 650 libri
393 591 481 670 Pell,
507 591 564 652 sed
586 611 656 653 cum
679 611 788 654 rasura
811 593 944 655 duarum
964 595 1135 656 litterarum
1155 594 1248 676 (quae

81 701 216 753 *ateste
240 691 458 754 Studernundc
481 696 579 776 444444)
611 706 683 776 post
709 704 744 756 444
765 698 798 774 Β,
829 704 864 757 ut
894 705 937 758 est
966 700 1048 760 tristi
1075 699 1184 777 Bothe,
1216 708 1249 762 444

82 796 162 856 tristi
183 797 222 856 sit
244 795 438 876 Fleckeisen,
472 796 555 876 quod
579 807 702 877 tamen,
727 808 763 860 ut
784 799 949 860 Ritselrelic
971 799 1111 875 uidetur,
1138 801 1247 861 saltem

80 899 181 962 nteit
210 889 295 959 tristi
317 916 385 958 esse
413 897 558 962 debebat.
598 901 737 962 Fortasse
768 900 954 963 indicatiuus
981 901 1157 964 seruandus
1179 914 1243 966 est:
1352 943 1361 958 ·

79 1018 153 1059 narn
177 1000 254 1061 haec
276 999 338 1061 duc
360 1004 517 1063 enuntiate
540 1003 652 1064 leuiter
673 1005 753 1064 inter
771 1021 806 1065 se
828 1003 990 1065 cohaerere
1012 1003 1085 1066 inde
1107 1016 1244 1085 apparet,

79 1101 164 1180 quod
194 1101 414 1166 secundarium
443 1107 639 1166 enuntiatum
668 1125 726 1167 suo
753 1106 892 1168 subiecto
915 1109 1030 1186 utitur,
1061 1126 1179 1187 neque,
1213 1099 1261 1170 ut'

80 1205 146 1266 lieri
177 1205 270 1285 solet,
303 1207 478 1269 subiectum
508 1210 661 1270 enuntiati
689 1208 863 1270 secundarii
894 1229 933 1270 ex
963 1207 1081 1270 obiecto
1109 1211 1246 1288 primarii

79 1307 296 1388 supplendum
324 1319 383 1370 est.
427 1311 533 1389 Itaque
563 1309 672 1372 saltem
702 1313 747 1370 sie
780 1311 1065 1392 interpungendum
1095 1323 1161 1374 erat
1188 1332 1247 1374 444444

78 1411 169 1473 uides
192 1419 224 1472 tu
246 1412 350 1473 huuc?
372 1414 458 1474 4404444
480 1415 527 1474 uti
547 1415 654 1476 44444444
667 1415 783 1475 seneoel
806 1414 1010 1477 Coniunctiuo
1031 1425 1135 1478 lernen
1150 1435 1247 1495 prae-

79 1514 140 1574 late
166 1515 221 1574 uix
243 1515 369 1593 errabit,
398 1517 452 1594 qui
475 1531 574 1578 senem
596 1517 808 1578 aecusatiuum
830 1517 959 1578 inferet:
989 1517 1104 1578 Telos
1127 1521 1243 1580 emisse.

77 1636 138 1677 nort
163 1617 250 1678 uides
273 1625 306 1678 444
328 1617 417 1695 hunc,
442 1617 524 1680 uoltu
545 1626 580 1680 444
600 1620 641 1681 sit
662 1620 752 1697 tristi,
777 1622 900 1682 senem?
922 1621 1011 1682 uelut
1025 1619 1116 1700 Epid.
1142 1622 1191 1697 441,
1212 1622 1242 1700 l,

78 1721 120 1783 22
144 1721 236 1781 Nunc
258 1720 375 1782 demum
398 1723 459 1782 scio
482 1740 534 1802 eqo
556 1721 636 1783 tunc
658 1723 712 1802 qui
730 1723 810 1783 ait..
835 1723 965 1784 4444444444.

78 1828 119 1881 Pl.
146 1827 254 1883 Pseud.
285 1833 359 1884 4461
394 1825 465 1899 (4414,
492 1831 520 1897 7,
550 1824 599 1906 62)
627 1829 668 1883 Aa
692 1832 795 1900 nescis,
821 1846 896 1900 quae
919 1829 955 1886 sit
977 1830 1046 1886 444444
1067 1831 1134 1886 res?

84 1998 89 2003 ²
145 1931 251 1986 Bacch.
273 1933 333 1988 676
355 1925 425 2006 (llll,
448 1935 474 1999 l,
503 1923 554 2006 46)
624 1932 666 1987 Aa
696 1932 844 2002 nescibaS,
873 1949 960 2004 quarn
983 1934 1118 1989 eiusmodi
1139 1934 1246 1990 4404444444

673 2053 742 2092 rara
766 2044 873 2109 tempus
894 2053 924 2092 ae
945 2037 1050 2092 daret?

145 2134 237 2192 llere.
265 2141 324 2193 729
354 2135 425 2206 (llll,
454 2141 481 2204 3,
511 2129 560 2211 36)
623 2137 687 2192 Nou
710 2140 828 2206 tuscis,
854 2156 930 2209 quae
953 2141 989 2194 sit
1010 2140 1083 2195 illa?

145 2237 238 2298 sucu.
267 2243 327 2296 666
355 2231 425 2314 (4444,
454 2241 483 2306 4,
511 2235 561 2316 46)
618 2229 752 2321 Non(ne)
764 2237 783 2310 ¹)
809 2243 927 2310 tuscis,
953 2257 1040 2312 quarn
1070 2237 1244 2298 alllicteutur

674 2343 798 2400 homines
820 2353 905 2401 noctu
927 2345 971 2399 4444
992 2347 1022 2400 in
1044 2344 1115 2399 uic?

146 2446 223 2500 Men.
253 2448 307 2501 944
341 2441 384 2514 (V,
412 2449 439 2512 5,
467 2443 515 2515 43)
621 2445 684 2500 Ncn
701 2447 813 2512 tuscis,
842 2452 982 2516 quantum
997 2447 1044 2502 isli
1057 2446 1155 2504 morbo
1171 2464 1246 2503 nune

653 2554 701 2604 44444
724 2549 811 2604 iacias
832 2547 924 2603 mali?

145 2651 224 2706 lllen'.
252 2653 312 2706 302
342 2641 387 2724 (11,
415 2654 444 2717 2,
472 2641 522 2725 28)
609 2650 682 2725 ¹Nou
704 2651 771 2719 scis,
796 2653 862 2720 quis
884 2667 935 2722 eya
957 2651 1031 2705 sirn‘?

144 2751 213 2809 Aul.
240 2752 300 2820 llll,
331 2757 380 2819 46,
409 2755 446 2807 43
476 2745 560 2828 (466)
616 2753 718 2822 Neque
740 2757 806 2821 4444,
833 2754 898 2822 quis
921 2742 983 2834 (id)
1006 2751 1178 2808 abstulerit?

76 2858 149 2912 Ter.
168 2855 260 2911 Andr.
287 2858 345 2912 494
377 2849 448 2930 (4444,
477 2857 506 2922 4,
533 2848 584 2929 62)
611 2855 671 2908 Eho
693 2856 798 2928 inepta,
824 2856 926 2924 nescis,
953 2856 1022 2926 quid
1044 2859 1080 2910 sit
1102 2856 1217 2911 aetum?

169 2959 273 3013 lleaut.
303 2959 361 3014 848
390 2949 461 3033 (1111,
489 2961 517 3024 8,
546 2950 576 3032 7)
609 2959 704 3012 lamae
725 2955 831 3013 oblitus
854 2974 899 3023 es,
933 2959 1008 3014 444444
1036 2953 1089 3012 nea
1118 2958 1188 3028 quid
1210 2959 1247 3012 sit

652 3061 757 3116 dictum
779 3061 812 3116 de
833 3060 976 3133 fallacia?

169 3163 273 3220 Heaut.
302 3167 362 3220 436
390 3157 448 3237 (111,
478 3167 506 3229 4,
534 3157 583 3238 27)
611 3163 674 3218 Non
697 3171 727 3219 tu
748 3164 792 3219 illi
814 3163 894 3231 dixti,
920 3169 951 3217 ut
974 3164 1092 3232 essemf?

170 3245 246 3322 nin.
276 3269 335 3323 4444
362 3266 421 3335 (nr,
450 3269 478 3333 4,
506 3263 555 3338 es)
611 3265 687 3332 Quid
707 3266 789 3339 44444,
817 3265 937 3334 enarro,
970 3265 1034 3334 Quo
1056 3273 1141 3336 pacto
1168 3265 1246 3322 rto-

654 3369 733 3423 44444444
755 3369 897 3438 tetigerim
922 3369 954 3424 444
976 3370 1122 3436 conuiuio,
1154 3369 1248 3424 Num'·¹

318 3518 326 3526 .
652 3485 740 3540 quarn
762 3469 813 3525 tibi
836 3471 915 3526 dixi?

74 3578 120 3634 Ex
144 3577 204 3632 inc.
231 3575 287 3630 ine.
314 3569 373 3628 lab.
404 3567 498 3650 (444444).
524 3573 609 3643 Trag.
627 3589 657 3642 p.
679 3578 751 3642 253,
773 3572 842 3646 446)
873 3573 1028 3646 Thesprotia,
1052 3574 1078 3628 si
1099 3571 1162 3645 quia
1178 3587 1247 3628 aaa·
1314 3593 1315 3598 ¹

702 3678 788 3747 9444444
809 3684 939 3733 esortcm
962 3684 1009 3731 tuo

498 3777 608 3834 Prolem
629 3780 704 3834 444444·
725 3796 791 3834 cras
813 3780 953 3852 4444444444
974 3793 1087 3833 sanam
1108 3778 1241 3848 immolet,

75 3897 177 4010 ..r—l)
199 3949 238 3996 lta
256 3944 358 3996 Bitschl
376 3945 422 3993 uix
441 3946 527 4003 recte;
550 3957 611 3993 narn
630 3944 687 3996 Nea
705 3949 734 3994 444
751 3945 801 3992 sets
819 3956 871 3992 nou
891 3943 981 3993 solum
992 3942 1103 3993 Palatini
1116 3941 1164 3992 sed
1178 3944 1245 3992 teste

73 4031 271 4087 studemuudo
288 4032 369 4081 etiarn
388 4031 409 4080 Α
427 4029 546 4094 praebet,
573 4029 599 4078 iu
619 4042 672 4093 quo
690 4032 828 4092 praeterea
845 4028 999 4092 efflictentur
1017 4042 1065 4094 pro
1091 4031 1246 4094 afflictentur

73 4123 223 4173 exaratum
242 4119 292 4167 cst.
324 4117 415 4180 ltaque
433 4115 481 4165 aut
492 4115 549 4165 Nea
566 4119 594 4164 444
610 4117 659 4164 sets
676 4120 706 4165 444
723 4127 786 4165 cum
799 4115 901 4176 Guyetc
919 4117 967 4165 ant
978 4113 1035 4164 Noa
1047 4119 1075 4164 444
1092 4117 1142 4163 sets
1160 4127 1244 4176 quan-

71 4215 131 4259 tum
152 4218 217 4255 curn
237 4204 424 4266 Kampmenno
442 4201 616 4251 scribendum
634 4213 694 4249 esse
714 4199 829 4250 uidetur.
