3126 5028
348 465 390 524 De
414 483 609 525 cerasorarrs
633 483 749 525 ranvnrs
771 465 937 524 Pramrrus.
1175 462 1227 522 ·99

74 634 167 713 aliqua
189 636 306 696 ratione
328 654 408 696 cum
421 635 526 696 iebula
548 637 747 697 cohaererent
774 633 819 716 (ut
837 636 869 695 in
885 635 1048 694 Mercatore
1064 631 1227 710 descriptio

74 736 230 819 mercatus)
264 739 302 799 iis
331 737 444 815 deluit;
474 721 626 818 longiores
653 747 757 799 eutem
773 737 867 797 locos
896 755 935 820 err
957 736 1061 796 Plauto
1088 745 1228 814 receptos

74 857 145 916 esse,
171 840 238 901 eius
263 842 307 900 rei
329 842 361 902 in
384 851 493 902 neutro
516 841 657 920 exempla
681 841 901 915 inueniuntur;
935 837 1019 916 quod
1049 857 1089 899 ne
1113 839 1226 898 mirum

73 939 190 1018 quidem
213 951 273 1019 est,
300 962 370 1004 nem
394 945 420 1005 si
436 945 514 1005 tales
528 962 652 1022 uersus,
673 961 750 1022 quos
766 943 857 1004 etiam
874 958 1002 1018 magnae
1020 949 1225 1021 spectatorum

71 1045 143 1121 parti
165 1045 359 1106 conscribere
379 1046 463 1109 haud
479 1046 604 1122 difficile
619 1054 693 1124 erat,
720 1044 761 1107 ab
776 1045 844 1106 aliis
860 1043 1036 1121 sumebant,
1062 1062 1101 1103 ne
1115 1060 1226 1123 parum

72 1145 213 1223 ingeniosi
236 1146 429 1227 uiderentur,
456 1147 628 1210 timendum
651 1156 726 1210 erat.
760 1149 799 1208 Et
813 1148 873 1227 ipsi
895 1155 1083 1226 spectatores
1098 1144 1227 1206 lortaese

71 1247 98 1306 in
120 1248 252 1328 prologis
274 1269 371 1312 nouos
394 1252 475 1312 iocos
496 1250 605 1312 audire
631 1250 799 1329 uolebant,
826 1251 946 1310 etiamsi
970 1258 1104 1311 ueterem
1127 1246 1227 1309 febu-

72 1349 126 1410 lem
148 1347 253 1413 denuo
276 1363 374 1414 actam
397 1372 458 1414 non
481 1353 681 1434 respuebant,
708 1363 743 1414 ut
765 1363 868 1414 nostra
892 1362 990 1414 aetate
1006 1369 1228 1431 saepenumero

71 1461 187 1514 ueteres
215 1455 391 1543 comoediae
421 1455 572 1520 docentur
600 1458 689 1518 nouis
712 1454 911 1534 carminibus
945 1473 1024 1534 quae
1046 1471 1103 1515 nos
1129 1454 1228 1531 ,Cou-

70 1555 156 1632 plets‘
180 1559 391 1637 nominamus,
418 1569 591 1621 exornatae.
1243 1631 1246 1637 ,

149 1659 213 1720 lam
242 1660 283 1722 ed
311 1661 450 1722 fabulam
478 1664 577 1742 ipsam
608 1672 818 1724 transeamus:
856 1679 950 1742 quam
984 1659 1124 1719 mutilam
1156 1677 1226 1718 esse

71 1761 144 1821 inter
165 1781 275 1824 omnes
298 1765 441 1824 constare
463 1764 605 1845 uidetur,
639 1783 827 1846 quamquam
859 1763 1043 1840 nemodum,
1076 1770 1227 1846 quantum

70 1865 177 1944 sciam,
209 1885 323 1947 operae
349 1868 485 1947 pretium
516 1867 626 1928 habuit
654 1869 751 1930 iustas
781 1869 874 1928 buius
903 1865 1086 1944 suspicionis
1117 1881 1227 1925 causes

71 1967 188 2044 afferr03
216 1987 290 2032 nem
307 1969 391 2048 quod
406 1969 610 2031 Gusteuus
634 1965 905 2046 Schmitzius¹)
925 1967 1073 2047 disputet,
1093 1965 1126 2027 id
1141 1965 1228 2026 nihili

69 2071 294 2133 aestimandum
310 2080 367 2132 est,
394 2073 453 2143 Qui
469 2073 519 2134 uir
533 2071 643 2134 doctus
658 2075 713 2134 uix
728 2070 875 2133 credibile
890 2089 959 2132 esse
974 2068 1089 2131 iudicat
1103 2067 1228 2130 fabulae

70 2189 177 2234 nomen
198 2173 335 2235 inditum
358 2193 428 2235 esse
450 2174 490 2236 ab
513 2194 575 2237 una
598 2194 719 2254 scaena,
745 2177 778 2236 in
800 2193 861 2254 qua
885 2189 995 2236 seruus
1015 2173 1171 2234 Strabeois
1194 2190 1227 2232 se
1273 2253 1276 2259 Ι

70 2275 278 2338 truculentum
300 2277 425 2357 probet;
452 2277 493 2338 ad
514 2279 571 2340 hoc
592 2279 667 2340 satis
689 2287 737 2340 est
758 2297 829 2340 eum
853 2277 1025 2338 Trinummi
1049 2292 1228 2336 commone-

70 2374 183 2438 leoisse.
228 2379 386 2458 ,Deinde‘,
413 2382 457 2440 sic
479 2382 588 2462 pergit,
616 2380 749 2459 ,ostendi
772 2379 897 2457 debuit,
924 2378 1041 2458 quibus
1063 2376 1103 2437 de
1126 2376 1228 2437 causis

70 2488 208 2542 naturam
223 2499 339 2560 seruus
362 2485 539 2562 mutauerit,
566 2482 649 2562 quod
664 2483 778 2544 lectum
797 2483 845 2560 ΙΙΙ,
872 2484 891 2544 2
914 2482 1087 2556 miramur‘,
1113 2496 1229 2558 quam-

71 2581 114 2641 uis
136 2602 251 2645 seruus
273 2587 342 2666 ipse
365 2605 491 2648 causum
514 2585 621 2648 efferat
643 2586 690 2663 ΙΙΙ,
718 2587 748 2664 2,
777 2583 910 2644 ll-l5:

193 2687 280 2750 Heus
305 2685 346 2766 td,
373 2689 436 2748 ium
457 2696 616 2768 postquam
638 2690 670 2749 io
691 2686 798 2749 urbem
820 2687 924 2749 crebro
947 2689 1084 2763 edmmeo,

194 2791 302 2850 Dr'cdoe
322 2807 387 2856 sum
409 2790 520 2871 sactus,
546 2791 609 2852 idm
631 2809 698 2852 som
721 2791 860 2852 caulottr
880 2790 1003 2868 probos.

71 2907 256 2970 quamquem
280 2891 331 2952 bio
359 2911 431 2953 eum
460 2893 657 2972 aliquatenus
684 2912 759 2955 uera
787 2891 905 2954 uidisse
925 2900 1030 2971 postea
1054 2886 1226 2968 apparebit.

70 2989 222 3054 Praeterea
239 3003 345 3055 eutem
363 3004 535 3056 commotus
551 2995 658 3057 uerbis
673 2996 792 3072 Donati,
812 3013 892 3073 quae
907 2992 945 3054 ed
957 2994 1077 3053 Terent.
1096 2989 1227 3067 Adelph.

71 3094 100 3170 V,
127 3097 156 3174 9,
183 3098 225 3158 29
242 3095 388 3158 adnotata
404 3107 495 3159 sunt:
524 3098 610 3171 Quod
634 3106 660 3160 te
684 3100 737 3160 isti
755 3097 875 3178 facilem
898 3104 926 3157 et
948 3095 1088 3173 festinem
1107 3091 1228 3174 putant]

71 3195 144 3258 Bene
173 3201 204 3260 in
232 3205 389 3278 postremo
417 3200 548 3280 dipodius
573 3185 732 3280 personae
751 3200 842 3260 boios
870 3206 995 3260 semota
1024 3205 1082 3272 est,
1115 3205 1150 3258 ut
1174 3213 1233 3256 noo

67 3308 205 3379 perpetuo
221 3309 407 3363 commutata
422 3302 591 3378 uideretur,
617 3311 652 3364 ut
669 3303 840 3364 Truculeoti
862 3300 946 3380 opud
961 3300 1113 3376 Plautum,
1135 3299 1232 3376 quin-

71 3407 130 3460 tum
153 3385 260 3464 actum
285 3411 383 3464 totum
407 3403 572 3482 desiderat,
599 3423 661 3484 quo
683 3404 861 3484 apparuerit
889 3402 973 3463 illam
1004 3408 1132 3461 naturae
1156 3418 1231 3460 mu-

71 3504 209 3565 tationem
233 3506 413 3566 simulatam
436 3506 543 3567 iuisse.
584 3507 642 3567 Fac
664 3507 723 3567 hoc'
743 3505 858 3567 dictum
889 3521 957 3564 esse
979 3503 1088 3564 Donati
1111 3501 1228 3577 uerbis,

71 3605 138 3682 quid
154 3607 339 3670 lucramur?
361 3609 590 3686 Difficultatem,
610 3627 705 3687 quam
720 3608 826 3668 tollere
837 3607 916 3682 uult,
932 3605 1116 3666 Schmitziue
1128 3613 1226 3680 auget:

44 3734 47 3739 «
72 3725 136 3768 oum
157 3719 253 3771 antea
277 3711 378 3772 mirati
400 3713 499 3772 simus
521 3711 655 3772 ferocem
678 3728 804 3772 seruum
820 3718 881 3770 tam
906 3709 964 3768 cito
981 3705 1122 3782 deleniri,
1148 3721 1233 3764 nunc

72 3809 141 3874 odeo
163 3812 314 3875 callidum
337 3813 548 3876 simulatorem
571 3812 733 3874 habemus.
776 3810 839 3872 Sed
861 3829 924 3870 rem
948 3818 1045 3870 actam
1069 3825 1134 3886 ego,
1161 3823 1233 3866 nem

72 3913 142 3973 nihil
164 3917 283 3978 certius
306 3924 369 3994 est,
402 3934 497 3994 quem
521 3914 561 3977 ad
584 3917 692 3976 Donati
722 3926 858 3992 tempora
888 3911 1026 3973 fabulam
1054 3928 1115 3970 non
1143 3927 1233 3988 posse

71 4019 246 4090 peruenisse
270 4019 480 4098 integriorem,
507 4036 601 4098 quam
625 4017 665 4079 ad
689 4025 804 4078 nostra.
842 4017 998 4093 Quotquot
1012 4012 1094 4072 enim
1110 4009 1234 4072 fabulas

136 4243 157 4304 l)
179 4243 209 4292 G.
231 4240 363 4292 Schmitz:
383 4241 418 4291 de
437 4243 488 4292 oct.
511 4242 538 4290 in
556 4240 640 4290 Plent.
662 4237 715 4288 leb.
737 4235 863 4300 descript.
885 4235 991 4285 Bonnee
1011 4237 1076 4282 ⁴852
1096 4239 1122 4298 p;
1143 4235 1186 4283 tt.

393 4341 396 4347 .
1026 4331 1062 4382 7*
