3126 5028
706 413 856 475 Avcrsrvs
879 417 983 474 Lvous.

397 586 512 659 Quaere
540 603 623 644 erum
652 592 742 663 utque
771 581 896 644 adduce.
944 581 982 645 At
1011 584 1057 646 iic
1088 604 1133 645 ue.
1157 631 1191 644 ..
1243 583 1317 644 com
1352 583 1435 642 molo

685 689 792 766 mayoc
816 706 882 747 suo.
912 722 947 731 -

354 789 444 848 Curc.
476 787 549 848 r77:
580 789 762 868 confidentes
776 791 953 870 querulique
977 798 1004 850 et
1020 789 1157 849 moteuoli
1173 785 1436 868 caprulanum

268 889 468 951 scribendum
492 900 552 952 est:
574 926 616 934 -
639 892 779 952 moleuott'
792 911 905 972 supero
922 893 1032 952 lacum.
1066 892 1110 950 De
1126 909 1238 970 supero
1253 891 1292 951 cf.
1313 891 1436 951 Nouius

269 991 488 1070 ,formenlehre
515 992 546 1054 d.
573 994 625 1055 lat.
652 997 733 1074 spr.‘
762 995 786 1054 ll
809 1015 840 1074 p.
869 996 940 1062 tut.
981 994 1062 1074 (locis
1093 993 1136 1053 ibi
1164 993 1298 1055 collectis
1329 1001 1437 1071 potest

269 1094 341 1156 addi
364 1097 397 1156 C.
424 1096 446 1156 l.
474 1099 507 1157 L.
533 1097 593 1158 uol.
621 1099 642 1156 l.
672 1097 777 1177 tull).
808 1131 844 1140 -—

355 1198 451 1258 Stich.
478 1198 555 1258 537:
584 1195 767 1280 'Optumerts
801 1200 864 1259 iam
893 1201 964 1260 istoc
995 1201 1099 1260 morae
1127 1197 1225 1260 minois
1248 1199 1315 1259 erit.
1364 1198 1436 1257 Irim

687 1321 739 1382 epo
762 1300 857 1381 opoit
879 1310 910 1362 te
934 1304 999 1362 ero

270 1423 332 1464 non
356 1405 454 1464 solum
479 1414 604 1483 propter
619 1407 712 1464 linem
736 1423 858 1483 uersuS,
887 1422 994 1465 uerum
1011 1405 1102 1464 etiam
1123 1413 1249 1484 propter
1263 1403 1437 1482 legitimam

270 1506 444 1567 dihaeresin
475 1506 643 1585 neglectam
674 1507 910 1586 praeferendum
942 1516 990 1568 est
1019 1507 1103 1587 quod
1140 1507 1301 1587 proposuit
1329 1506 1440 1566 Lach-

270 1627 417 1670 mannus:
447 1601 631 1689 'Optumest:
658 1612 717 1670 lom
742 1612 814 1671 istoc
837 1613 934 1670 moreti
955 1613 1052 1670 micus·
1075 1613 1142 1670 erit.
1190 1612 1255 1670 Iam
1283 1628 1335 1689 epo
1359 1605 1441 1688 aptit

225 1751 228 1757 ·
271 1719 297 1772 te
320 1731 382 1771 ero.
411 1746 447 1756 -·-

357 1815 446 1874 Curc.
477 1812 550 1873 l78:
578 1809 751 1876 'Eoiutuero
774 1818 885 1895 nequeo
901 1815 1014 1875 durare
1031 1817 1103 1894 quio
1121 1835 1175 1897 ¹epo
1192 1833 1277 1875 erum
1294 1815 1440 1874 accusem

687 1936 799 1978 meum:

399 2021 475 2079 Nom
499 2018 635 2079 bortumst
656 2019 820 2098 potentium
842 2038 948 2079 amore
971 2023 1053 2094 soce,
1081 2021 1186 2093 tusone
1208 2021 1265 2079 oon
1285 2018 1438 2090 lucrumst,

406 2112 510 2181 Ve'rum
542 2127 632 2181 totum
664 2123 801 2182 insonum
834 2141 939 2181 timore
968 2122 1021 2182 ltoc
1051 2125 1092 2182 e'rt
1123 2122 1200 2202 quod
1228 2125 1311 2182 metes·
1343 2119 1444 2182 ercis

689 2223 805 2303 fucit.

265 2329 347 2388 .Nam
373 2329 397 2387 si
423 2337 504 2388 recte
527 2345 560 2386 se
584 2326 677 2387 habet
699 2345 827 2402 uersm,
859 2326 950 2387 ualde
974 2325 1131 2406 displicet,
1166 2324 1249 2404 quod
1276 2333 1320 2384 est
1349 2325 1443 2384 initio

273 2429 399 2489 alterius
422 2431 517 2507 partis
541 2420 705 2506 septenarii
727 2429 860 2508 positum
884 2437 940 2506 est,
968 2439 1001 2488 ut
1024 2431 1103 2489 hanc
1125 2428 1219 2489 solam
1243 2427 1284 2487 ob
1308 2445 1441 2486 causam

273 2530 470 2611 praeferenda
496 2533 535 2592 sit
559 2533 633 2592 haec
656 2530 821 2591 dimensio:
857 2535 963 2591 Verum.
986 2536 1081 2592 totoni
1094 2533 1234 2589 insonum
1254 2531 1359 2588 (terrore
1383 2530 1444 2589 troc

274 2643 316 2695 est
332 2635 409 2714 qood
424 2653 506 2694 naeus
518 2637 587 2695 eros
603 2636 697 2715 sctct't3
718 2652 827 2694 uereor
842 2643 954 2712 tamen,
974 2653 1013 2694 ne
1028 2651 1138 2694 uersus
1151 2642 1313 2712 corruptus
1326 2633 1375 2692 sit.
1395 2668 1444 2676 -—

360 2738 448 2797 Poen.
475 2738 486 2796 l
515 2740 545 2814 3,
579 2739 634 2796 38:
670 2737 720 2796 Ibo
752 2739 840 2815 litque
871 2755 1022 2798 arcessam
1051 2739 1146 2810 te'ottkt,
1180 2735 1299 2815 quoodo
1328 2739 1448 2796 amor

693 2838 800 2899 iubet
1474 2835 1481 2846 '

405 2941 451 3001 Me
474 2941 670 3002 oboedientem
695 2960 757 3002 alteo
782 2944 843 3003 esse
866 2962 953 3002 seruo
977 2941 1112 3003 liberum.

276 3043 369 3103 Lubet
392 3052 422 3103 et
445 3043 525 3104 iubet
547 3063 616 3104 cum
640 3043 712 3103 alibi
737 3045 916 3121 saepissime
950 3047 1031 3105 inter
1063 3064 1096 3104 se
1115 3053 1340 3124 permutentur,
1378 3044 1445 3104 hoc

274 3163 399 3223 quoqne
424 3144 487 3205 loco
510 3164 564 3225 pro
589 3145 666 3206 iubet
690 3147 711 3206 C
735 3147 864 3226 praebet
887 3147 979 3222 trabem
1006 3147 1110 3225 itaque
1133 3147 1159 3207 si
1187 3147 1244 3207 h'oo
1267 3148 1444 3227 genuinum

276 3266 345 3308 esse
368 3246 537 3326 arbitreris
564 3248 663 3327 possis
687 3249 823 3309 scribere
847 3252 945 3309 artiori
967 3249 1046 3310 tota
1068 3251 1107 3310 ita
1124 3249 1261 3328 quidem,
1288 3261 1323 3311 ut
1344 3249 1444 3311 simul

276 3369 362 3427 quom
386 3368 545 3429 supponas
567 3369 622 3428 pro
645 3351 783 3431 creando:
810 3385 848 3394 -
873 3354 963 3423 teatio,
990 3356 1076 3433 quom
1101 3355 1197 3412 ortior-i
1221 3353 1308 3413 tutet.
1342 3354 1447 3413 Prae-

276 3452 371 3514 stabit
390 3461 491 3512 tamen
515 3452 629 3513 leuiore
653 3455 820 3513 mutatione
843 3464 873 3512 et
902 3456 1027 3515 inuerso
1050 3453 1156 3515 ordine
1180 3473 1236 3533 pro
1251 3475 1337 3516 notor
1360 3455 1448 3517 iubet

276 3555 426 3616 scribere:
445 3593 484 3600 -
499 3556 589 3630 te'stls,
606 3557 726 3634 qoortdo
740 3554 819 3616 iubet
831 3576 925 3617 rimor.
950 3558 992 3616 De
1005 3558 1099 3618 altero
1111 3577 1206 3618 uersu
1219 3557 1257 3617 ci.
1274 3558 1446 3642 Muellerus

228 3711 234 3721 .
275 3658 318 3717 Pl.
344 3659 392 3717 Pr.
417 3677 447 3736 p.
477 3660 605 3717 484.-

362 3762 445 3820 Trin.
474 3760 550 3820 533:
589 3763 689 3842 Neque
720 3759 860 3842 utinquam
891 3763 1096 3842 colloquente,
1131 3765 1238 3842 qtroiuo·
1264 3762 1313 3822 ille
1344 3767 1449 3844 oqe'r

694 3861 788 3940 suit,

408 3964 486 4038 Ouio
509 3967 644 4042 pessume
667 3966 694 4024 ei
718 3985 766 4028 res
790 3967 925 4027 uerterit.
968 3963 1086 4044 quoium
1109 3965 1169 4043 suit
1192 3986 1230 4010 ⁴-

276 4066 383 4127 eadcm
408 4064 540 4126 medella
562 4065 705 4127 facillime
728 4069 834 4147 corrigi
858 4076 967 4146 potest,
994 4077 1029 4129 ut
1052 4077 1301 4147 transponamus.
1335 4075 1452 4150 quotus

277 4169 324 4228 ille
346 4167 404 4248 folet
428 4189 511 4248 coer,
538 4187 725 4248 quamquam
758 4189 797 4230 ne
826 4171 869 4232 sic
898 4170 1022 4250 quidem
1056 4189 1180 4232 uersum
1211 4171 1302 4250 plane
1329 4191 1453 4235 emen-
