3126 5028
305 417 346 477 94
694 419 863 477 Lroronnvs
888 417 1071 476 ermnnr.

303 588 393 648 culus
415 587 454 649 de
476 587 694 668 compositione
717 597 753 648 ut
774 585 922 650 iudicium
947 587 1013 648 fieri
1035 587 1142 667 possit,
1168 585 1268 647 fusius
1291 584 1331 646 de
1345 584 1469 664 prologo

303 692 354 751 uel
379 700 413 752 ut
435 693 547 768 rectius
570 690 683 753 dicitur
704 689 744 752 de
766 691 899 769 prologis
921 691 1099 752 Truculenti
1123 687 1341 750 disserendum
1364 698 1422 749 est.

390 795 496 873 Neque
519 795 600 856 enim
622 802 657 854 ut
672 793 722 854 uel
738 811 828 854 casus
844 792 963 854 terebat
986 793 1036 854 uel
1054 791 1216 852 arbitrium
1232 790 1363 852 iubebat
1377 802 1469 872 poeta

303 895 418 958 iabulis
441 898 581 977 prologos
604 896 728 958 dedisse
751 906 805 957 aut
827 895 996 976 denegasse
1020 892 1195 957 censendus
1218 905 1274 974 est,
1302 894 1359 956 sed
1381 913 1470 956 non-

304 1017 463 1080 nunquam
487 1001 620 1060 maxime
643 1001 807 1060 necessarii
828 1011 925 1078 erant,
952 1017 1177 1077 nonnunquam
1199 1006 1370 1078 potuerunt
1392 1016 1470 1058 sane

303 1101 413 1163 abesse
425 1103 443 1181 ¹)
471 1112 507 1163 ut
529 1121 544 1163 a
569 1105 756 1180 Trinummo,
784 1121 846 1163 non
868 1112 972 1164 tamen
993 1104 1060 1164 sine
1083 1120 1144 1162 usu
1166 1110 1254 1162 erant
1276 1099 1317 1161 ad
1339 1109 1470 1181 specta-

304 1214 385 1264 tores
408 1205 441 1263 in
464 1204 582 1265 medias
606 1223 654 1264 res
683 1204 931 1267 introducendos.
974 1205 1096 1266 lllorum
1128 1223 1166 1263 an
1197 1203 1306 1263 horum
1337 1221 1471 1263 numero

306 1316 410 1367 utrum
441 1306 666 1368 adscribendus
696 1326 736 1367 an
766 1309 890 1369 omnino
918 1325 1170 1389 superuacaneus
1198 1314 1228 1366 et
1256 1299 1407 1366 molestus
1430 1307 1473 1365 sit

305 1409 449 1489 prologus
472 1410 660 1488 Truculenti,
687 1429 748 1470 non
771 1419 970 1488 curauerunt,
997 1412 1051 1488 qui
1074 1410 1113 1472 de
1136 1430 1171 1471 eo
1195 1411 1395 1488 scripserunt.

390 1513 551 1574 Osannu
560 1512 604 1589 s²)
620 1513 747 1593 quidem
760 1513 835 1573 nihil
848 1512 887 1574 de
899 1533 934 1574 eo
946 1511 1029 1594 dicit,
1043 1513 1103 1573 nisi
1119 1532 1137 1574 a
1150 1513 1210 1574 fine
1226 1513 1379 1592 integrum
1396 1511 1470 1572 eum

304 1634 456 1676 essenon
480 1614 590 1694 uideri,
617 1615 898 1695 Ritscheliusll
927 1624 961 1676 ut
985 1616 1144 1694 prologum
1171 1615 1344 1676 Mercatoris
1369 1613 1470 1675 alios-

306 1738 368 1798 que
383 1727 510 1799 propter
523 1719 621 1779 Plauti
637 1719 769 1778 nominis
786 1719 972 1778 mentionem
994 1719 1134 1797 spurium
1151 1735 1222 1780 eum
1245 1737 1314 1780 esse
1337 1716 1467 1793 iudicat,

308 1820 542 1902 Liebigius⁴l
578 1819 655 1880 nihil
679 1821 752 1880 noui
774 1821 892 1898 attulit,
919 1821 978 1881 nisi
1001 1820 1086 1900 quod
1108 1820 1204 1882 uerba
1229 1839 1326 1882 mores
1345 1821 1473 1901 pristini

312 1923 369 2005 (ιιε.
390 1923 418 2003 7)
446 1942 543 2004 praue
566 1923 718 1983 intellexit
739 1924 843 2002 itaque
866 1942 915 1984 res
938 1923 1032 1984 falsas
1053 1923 1179 2004 prologo
1193 1925 1368 2002 imputauit,
1387 1941 1471 2002 quae

307 2028 338 2086 iu
361 2027 423 2086 illis
445 2024 553 2088 uerbis
576 2028 678 2086 inesse
700 2044 761 2086 non
776 2036 918 2104 possunt.
954 2027 1064 2087 Contra
1081 2045 1160 2106 quos
1177 2044 1283 2087 omnes
1307 2027 1333 2086 si
1357 2024 1470 2086 iisdem

308 2130 401 2189 armis
423 2139 629 2209 pugnaretur,
663 2127 779 2207 qulbus
801 2147 874 2208 pars
903 2130 1019 2208 prologi
1041 2130 1214 2190 Mercatoris
1244 2148 1260 2189 a
1292 2129 1472 2209 suspicione

309 2241 439 2311 purgata
462 2241 519 2309 est,
546 2230 622 2310 quid
644 2231 886 2311 responderent?
924 2233 956 2291 Si
980 2230 1219 2293 concederemus
1235 2231 1355 2292 initium
1372 2231 1471 2291 Plau-

309 2336 409 2395 tinum
432 2353 500 2395 esse
523 2351 584 2394 non
607 2352 707 2412 posse,
734 2333 811 2413 quid
832 2333 984 2394 haberent
1005 2353 1068 2413 quo
1098 2333 1347 2395 demonstrarent
1368 2343 1472 2394 cetera

308 2438 444 2499 Plautina
468 2455 529 2497 non
552 2438 643 2498 esse‘l
673 2435 736 2496 Sed
753 2445 787 2497 ut
802 2445 884 2497 recte
900 2436 939 2497 de
955 2438 1076 2517 prologo
1093 2436 1220 2499 iudicari
1244 2437 1350 2516 possit,
1370 2455 1471 2516 argu-

308 2551 447 2602 mentum
470 2539 594 2601 labulae
616 2539 833 2619 exponendum
856 2549 918 2617 est;
952 2559 1023 2600 nam
1052 2550 1087 2601 ut
1108 2550 1324 2620 argumentum
1346 2539 1473 2620 prologo
1548 2556 1551 2580 ³

299 2646 352 2712 ,sic
374 2653 478 2705 contra
501 2645 593 2704 etiam
618 2642 760 2722 prologus
777 2653 957 2722 argumento
972 2643 1116 2704 illustrari
1139 2652 1256 2726 potest;
1283 2653 1331 2704 est
1351 2653 1469 2722 autem,
1561 2651 1562 2730 ,

283 2803 288 2812 .
310 2749 334 2808 si
351 2765 529 2808 scaenarum
545 2744 684 2806 ordinem
701 2747 871 2825 sequimur,
891 2747 966 2807 tale:
990 2748 1115 2827 Prologo
1129 2756 1270 2828 perorato
1285 2746 1472 2808 Diniarohus
1561 2731 1562 2752 ¹

308 2849 411 2930 prodit
433 2860 464 2910 ct
485 2849 616 2911 multum
640 2848 679 2910 de
702 2849 915 2912 meretricibus
945 2859 975 2912 et
1001 2849 1165 2916 lenonibus
1187 2859 1317 2929 questus
1341 2869 1374 2911 se
1399 2849 1472 2910 olim

308 2953 472 3014 Phronesio
493 2969 641 3013 sumntum
672 2960 761 3033 atque
784 2954 928 3012 rotumam
950 2951 1047 3012 luisse
1077 2950 1233 3033 disputat,
1265 2971 1350 3013 nunc
1380 2970 1467 3028 uero,

309 3075 379 3116 curn
409 3075 465 3117 sua
488 3056 620 3135 pecunia
642 3065 823 3133 consumpta
854 3055 906 3131 sit,
939 3073 1000 3115 una
1031 3073 1103 3115 cum
1126 3054 1342 3134 Babyloniensi
1374 3054 1472 3114 milite

309 3159 392 3219 illam
410 3159 560 3220 uicturam
584 3177 664 3235 esse,
690 3158 739 3217 cui
761 3175 893 3237 puerum
917 3176 951 3218 se
973 3159 1131 3237 peperisse
1147 3158 1288 3234 simulet;
1315 3175 1349 3217 se
1365 3166 1472 3217 autem

310 3260 350 3322 ab
372 3280 408 3321 ea
431 3260 495 3322 lalli
516 3279 577 3322 non
600 3279 700 3340 posse,
727 3279 799 3320 narn
822 3260 917 3339 probe
940 3279 973 3321 se
996 3262 1075 3321 scire
1098 3280 1165 3322 eam
1196 3278 1358 3339 nunquam
1373 3277 1472 3338 prae-

380 3522 403 3582 t)
425 3519 507 3570 Aliter
531 3518 564 3568 de
589 3517 640 3568 hac
665 3531 694 3568 re
719 3517 849 3572 iudicauit
871 3519 975 3570 Brixius
1000 3519 1026 3570 in
1045 3516 1155 3582 praelat.
1175 3516 1301 3568 editionis
1319 3516 1473 3569 Trinummi

309 3619 335 3672 p.
356 3610 399 3656 tt.

378 3693 402 3754 2)
423 3691 549 3741 Analecta
567 3689 658 3739 critica
680 3703 703 3754 p.
728 3693 785 3752 itt.

380 3779 402 3839 ³)
425 3778 528 3838 Parerg.
550 3775 632 3825 Plaut.
652 3775 758 3824 Terent.
778 3789 804 3838 p.
825 3779 883 3824 ιιι.

380 3865 403 3921 ι)
424 3861 560 3925 Liebigius
584 3862 602 3912 i.
622 3861 640 3910 l.
661 3876 687 3926 p.
709 3865 740 3910 39
765 3860 848 3910 uerba
867 3873 952 3910 mores
973 3861 1078 3923 pristini
1101 3860 1135 3908 iia
1159 3860 1367 3922 interpretatur,
1394 3859 1472 3921 quasi

311 3962 364 3999 aon
388 3949 522 4013 potuerint
545 3948 671 3997 aPlauto
695 3947 765 3996 dicta
789 3959 863 4006 esse,
889 3946 989 4010 quippe
1012 3959 1082 4009 quae
1106 3957 1196 3994 mores
1216 3944 1352 3993 Plautinae
1377 3944 1473 3992 aetatis

310 4034 468 4100 respiciant,
495 4047 557 4082 oum
581 4036 659 4098 poeta
684 4031 735 4081 hoc
759 4033 847 4080 solum
871 4033 962 4081 dicere
986 4031 1066 4080 uelit:
1095 4028 1224 4090 ,Proiecto
1249 4030 1302 4080 iam
1322 4029 1405 4079 uideo
1422 4042 1474 4078 uos

310 4119 421 4171 eosdem
445 4119 587 4169 retinuisse
612 4131 714 4180 morea,
742 4131 810 4180 quos
834 4122 912 4167 antea
937 4116 1071 4167 habuistis
1090 4127 1212 4179 quosque
1231 4117 1311 4165 etiam
1332 4127 1407 4164 nunc
1425 4128 1475 4164 uos

311 4205 411 4255 habere
428 4206 588 4270 expectaui.1
