3086 5024
178 487 180 490 Ι
258 399 301 460 Dr
323 395 451 461 Srnruxr
473 403 754 464 lurnnnounrronru
777 403 977 474 Osnrornnru.
1139 399 1199 462 185

109 574 188 630 Truc.
216 575 277 644 ΙΙΙΙ,
305 581 334 645 3,
364 581 381 634 5
408 570 491 654 (767)
569 579 619 634 Hic
648 596 723 636 nuuc
751 580 819 636 uolo
849 581 941 648 scire,
975 579 1070 636 eodem
1096 585 1201 652 pacton

603 683 663 738 siue
683 685 759 741 molo
783 685 936 740 fateamini.

56 781 136 853 atque
157 795 189 838 u.
209 776 246 839 ΙΙ
263 774 390 838 demum
413 779 521 860 incipit
542 797 646 860 rogare
668 781 788 843 uerbis:
818 783 950 864 Loquere
972 787 1004 842 tu
1017 813 1070 839 -.

126 913 239 974 Similis
261 913 396 976 condicio
418 924 467 978 est

56 1037 119 1092 ilud.
144 1041 204 1096 946
235 1037 292 1110 (ΙΙΙ,
320 1045 350 1109 3,
378 1032 407 1116 9)
437 1041 512 1107 Ouia
531 1039 616 1114 prist
639 1041 786 1112 eloquere,
812 1040 882 1114 quid
905 1042 969 1112 ulis,

48 1149 96 1211 ubi
109 1171 138 1213 u.
152 1155 213 1214 948
232 1155 450 1236 interrogatur:
468 1155 625 1237 Eloquere,
644 1159 718 1239 quid
732 1158 764 1218 id
777 1163 829 1218 est.
856 1158 899 1216 De
915 1156 974 1218 ulis
990 1154 1028 1215 ci.
1040 1173 1109 1234 pag.
1123 1155 1195 1228 ⁴63,

50 1255 91 1313 uis
104 1255 181 1317 libri.
198 1259 356 1337 -ltaque
371 1258 402 1317 in
418 1258 466 1319 his
478 1260 638 1341 exemplis,
655 1262 800 1339 quamuis
815 1261 848 1320 in
863 1257 1014 1342 eiusmodi
1031 1257 1199 1318 enuntiatis

48 1355 115 1417 elias
129 1358 318 1422 indicatiuus
335 1370 482 1440 occurrat,
502 1363 715 1425 coniunctinus
730 1371 890 1442 propterea
906 1361 1025 1442 positus
1040 1367 1097 1437 est,
1118 1357 1202 1438 quod

48 1461 233 1522 enuntiatum
248 1464 444 1543 primarium,
470 1483 509 1524 ex
524 1483 585 1544 quo
600 1465 795 1545 interrogatio
809 1462 934 1545 pendet,
962 1482 1033 1524 cum
1052 1460 1093 1523 ad
1115 1470 1201 1522 teur-

47 1580 100 1639 pus
115 1563 257 1626 iuturum
280 1574 407 1646 spectet,
434 1568 559 1628 maioris
574 1569 719 1628 momenti
736 1577 792 1646 est,
819 1585 913 1646 quam
928 1567 959 1627 in
976 1566 1021 1626 eis
1036 1563 1197 1645 exemplis,

46 1663 94 1724 ubi
110 1666 144 1745 is,
169 1669 226 1748 qui
241 1669 454 1749 interrogatur,
481 1671 585 1731 statim
601 1670 788 1754 respondere
804 1668 930 1731 iubetur
952 1676 983 1730 et
1004 1668 1199 1728 enuntiatum

44 1769 220 1844 primarium
242 1765 412 1852 particulae
434 1781 553 1835 tantum
578 1773 790 1835 exhortatiuae
813 1791 941 1834 munere
964 1771 1111 1850 iungitur.

123 1905 154 1988 h)
182 1907 235 1986 ita,
261 1918 298 1970 ut
319 1927 402 1987 eum,
429 1928 522 1988 quern
546 1911 721 1991 interrogat,
748 1930 818 1972 curn
842 1910 919 1971 sciat
940 1907 1000 1970 sibi
1016 1907 1108 1968 abeo
1123 1925 1202 1966 con-

45 2006 123 2068 tiuuo
145 2008 329 2088 responderi
359 2009 428 2072 ideo
457 2030 518 2072 non
544 2031 652 2092 posse,
684 2013 757 2092 quia
788 2014 814 2074 is
844 2011 921 2092 quid
950 2007 1201 2090 respondendum

42 2109 78 2169 sit
105 2109 236 2190 ignoret,
271 2132 337 2173 rern
360 2113 399 2174 de
422 2133 484 2192 qua
506 2116 608 2195 agitur
628 2115 716 2194 prius
739 2134 918 2194 cognoscere
940 2113 1056 2176 iubeat.
1098 2113 1132 2176 lu
1155 2111 1202 2172 his

42 2229 161 2292 quoque
184 2215 339 2296 exemplis
359 2215 424 2288 duo
447 2218 620 2296 imperatiui
643 2225 759 2298 extant,
779 2236 912 2297 quorum
926 2215 1093 2297 posteriore
1109 2233 1202 2275 causa

41 2316 146 2392 prioris
170 2317 344 2394 indicetur;
371 2327 465 2398 atque
486 2319 601 2398 uliquis
622 2338 689 2380 rern
711 2321 898 2400 propositam

122 2453 155 2536 u)
184 2455 385 2536 inspicere
407 2456 548 2520 iubetur:

41 2577 103 2633 Ter.
130 2580 236 2635 Heaut.
267 2583 325 2636 618
356 2572 425 2656 (ΙΙΙΙ,
456 2586 483 2650 Ι,
512 2576 539 2659 3)
564 2581 617 2639 nbi
646 2585 779 2639 nuncium
801 2584 887 2649 iutro,
919 2583 1007 2650 atque
1029 2581 1079 2636 reta
1101 2579 1124 2634 si
1147 2580 1204 2633 ioue

609 2686 721 2764 lauorit,
748 2685 818 2740 mihi
840 2685 949 2740 nuntia.

38 2794 70 2852 iu
98 2795 169 2856 aliis
198 2796 369 2876 exemplis,
400 2816 480 2876 quae
509 2798 571 2861 huc
598 2799 769 2878 pertinent,
802 2798 997 2876 interrogatio
1025 2792 1141 2876 pendet
1162 2813 1201 2854 ex

37 2897 232 2976 imperatiuis
255 2899 338 2976 uide,
363 2902 429 2961 uise
451 2901 544 2962 simil.
584 2902 623 2962 Vt
644 2920 712 2982 pag.
741 2902 800 2960 ΙΙΟ
832 2900 1049 2980 exposuimus,
1082 2896 1204 2957 indica-

37 2999 98 3059 tiuo
121 3001 155 3059 in
173 2998 329 3062 eiusmodi
345 3001 638 3082 interrogationibus
654 3013 719 3064 turn
736 3011 868 3065 utuntur
883 3009 1005 3063 ueteres
1024 3001 1199 3079 scriptores,

35 3101 87 3162 ubi
110 3121 164 3164 res
188 3103 230 3165 de
254 3121 315 3182 qua
339 3105 440 3185 agitur
461 3105 527 3184 ipsa
550 3106 645 3167 oculis
668 3105 792 3167 obuiam
821 3114 882 3183 est,
917 3113 952 3165 ut
979 3103 1060 3166 duae
1082 3103 1206 3164 uidendi

34 3215 63 3266 et
84 3205 294 3286 respondendi
315 3207 442 3268 actione.
474 3226 537 3268 uno
559 3207 622 3268 iere
638 3208 783 3286 temporis
798 3217 914 3286 puncto
933 3203 1203 3286 comprehendan-

33 3316 91 3368 tur.
135 3310 249 3388 ltaque
272 3326 343 3369 curn
367 3307 400 3369 in
422 3309 452 3369 hi
496 3310 800 3388 'nterrogationibuS,
835 3310 906 3389 quia
938 3327 987 3370 res
1017 3309 1084 3387 ipsa
1107 3307 1203 3367 oculis

32 3409 172 3491 conspici
197 3411 319 3491 nequit,
353 3410 474 3472 ut'seudi
494 3419 526 3472 et
546 3412 746 3492 respondendi
772 3413 908 3473 actiones
934 3410 1080 3490 temporis
1103 3410 1205 3469 inter-

32 3515 113 3576 uaiio
136 3523 304 3593 tamquam
327 3512 555 3593 discerpantur,
582 3523 676 3594 atquo
699 3515 843 3575 continuo
859 3512 1037 3592 responderi
1055 3517 1198 3589 nequeat,

29 3618 59 3678 in
82 3616 331 3694 interrogatione
352 3614 479 3695 obliqua
502 3616 718 3677 coniunctinus
741 3616 880 3695 ponitur:

32 3743 98 3798 Ter.
128 3744 240 3798 Heaut.
270 3745 325 3798 87⁴
360 3736 430 3817 (1111,
460 3747 488 3809 8,
517 3736 566 3818 30)
594 3738 647 3795 Abi
670 3742 755 3808 iutro,
782 3739 860 3807 uide,
887 3738 956 3808 quid
979 3737 1114 3807 postulet.

123 3846 249 3901 Phorm.
280 3847 340 3900 ii5
365 3844 415 3911 (ΙΙ,
445 3847 473 3912 t,
502 3841 530 3914 c)
571 3841 636 3910 Abi,
664 3843 736 3910 uise,
762 3842 916 3897 redieritne
938 3842 997 3895 ium
1020 3855 1058 3894 ou
1080 3842 1205 3896 noudum

610 3945 733 4000 domum.

26 4069 65 4124 Pi.
92 4023 163 4129 Cas:
194 4068 244 4137 ΙΙΙ,
274 4071 303 4136 6,
331 4059 481 4140 witti)
567 4066 578 4118 l
602 4070 632 4119 tu
654 4063 748 4132 ruodo,
774 4057 929 4132 perspicite
946 4063 1037 4129 Prius,
1065 4063 1134 4136 quid
1157 4043 1214 4120 iu?
1317 4041 1325 4046 η’

610 4175 654 4224 tus
677 4171 788 4240 agatur.
