3126 5028
320 418 382 497 'Dr
406 455 600 498 anrnrcrarrs
623 455 740 498 rnnmrs
762 437 929 498 Pnavrmrs.
1173 437 1210 499 81

73 618 318 670 commemoretur.
360 608 452 669 Panlo
476 609 656 670 ’accuratius
686 607 767 669 idem
797 610 829 669 in
858 607 1046 687 praefatione
1073 607 1214 670 editionis

72 712 226 772 llercatoris
251 712 447 789 ,imitatorem
472 711 573 790 potius
592 712 698 788 Plauti,
726 729 819 790 quam
842 711 996 772 Plautnm‘
1020 712 1105 790 argui
1128 711 1217 791 putat

72 813 162 890 putida
184 812 366 893 frequentia,
393 832 453 893 qua
477 833 526 874 us.
552 815 601 874 l9.
629 814 668 877 25
685 832 731 893 sq.
758 815 861 892 inepta
883 815 981 876 uerha
1005 814 1213 878 cumulentur.

145 917 224 977 Vltra
247 935 430 996 progressus
452 926 499 977 est
514 915 721 997 Liebigius
735 917 767 998 ¹),
794 918 859 996 qui,
879 935 950 978 oum
967 917 1042 978 satis
1064 928 1217 979 constaret

71 1019 213 1097 prologum
246 1021 370 1098 qualem
401 1019 588 1081 haberemus
619 1020 794 1081 Plautinum
826 1037 886 1081 nou
920 1038 998 1097 esse,
1036 1038 1097 1098 quo
1128 1019 1217 1082 modo

70 1122 199 1200 primitus
223 1123 344 1182 initium
367 1121 491 1183 fabulae
506 1123 707 1202 compositum
723 1121 827 1200 luerit,
855 1121 999 1201 indagare
1014 1133 1142 1184 conatus
1156 1133 1214 1186 est.

71 1223 127 1294 Qua
148 1225 178 1283 in
200 1227 381 1304 quaestione
405 1234 522 1287 certum
546 1224 629 1285 unde
658 1225 902 1303 proficisceretur
923 1234 1075 1303 punctum
1099 1243 1215 1306 reppe-

70 1326 137 1387 risse
158 1326 216 1388 sibi
238 1328 327 1388 uisus
349 1336 406 1407 est,
434 1345 504 1388 cum
527 1327 643 1406 prologi
664 1345 713 1388 us.
732 1329 750 1387 3
768 1337 799 1388 et
822 1329 839 1387 l
864 1346 904 1388 ex
926 1326 1082 1388 llitschelii
1104 1347 1216 1390 recen-

63 1429 161 1489 sione:

187 1532 251 1594 Etsi
273 1531 326 1591 lodo
345 1549 459 1612 porum
482 1529 581 1592 hercle
602 1533 684 1592 mdre
705 1533 856 1593 motorum
878 1531 982 1608 institi,

188 1638 247 1695 Pro
270 1636 338 1696 med
355 1615 489 1715 persono
511 1641 545 1694 ut
567 1635 622 1694 sim
646 1633 687 1694 cd
707 1651 761 1695 cos
784 1634 878 1695 indeoc
899 1634 979 1712 ilico,

68 1754 137 1813 quos
159 1737 312 1799 Charinus
335 1735 519 1797 adulescens
541 1738 737 1816 pronuntiat,
763 1748 926 1818 postquam
951 1745 981 1796 et
1003 1748 1220 1817 argumentum

70 1836 181 1900 [ahalae
204 1849 235 1899 et
257 1858 330 1901 snos
352 1857 472 1900 amores
495 1857 529 1900 se
552 1839 744 1901 elocuturum
768 1859 838 1901 esse
860 1840 1031 1918 nuntiauit,
1057 1841 1096 1901 ita
1120 1841 1221 1902 inter-

68 1950 251 2021 pretaretur,
284 1953 320 2003 ut
347 1952 516 2021 poetaster,
550 1942 603 2021 qui
631 1951 702 2021 post
723 1941 863 2003 Plautum
887 1940 1013 2021 luisset,
1040 1941 1216 2023 discrimen,

69 2042 143 2121 quod
166 2044 370 2106 intercederet
391 2046 471 2105 inter
493 2047 592 2124 ipsius
614 2045 773 2125 prologum
796 2053 828 2105 et
849 2045 1008 2124 prologum
1031 2064 1104 2107 uere
1126 2047 1222 2108 Plau-

67 2146 168 2226 tinum,
194 2148 244 2207 his
267 2147 467 2226 significaret;
494 2147 663 2210 Charinum
687 2149 768 2208 enim
792 2147 862 2209 ilico
878 2148 896 2207 i.
916 2166 943 2209 e.
964 2148 1074 2227 primis
1096 2148 1220 2211 fabulae

67 2247 155 2310 initiis
184 2247 338 2330 indicare,
369 2251 439 2330 quis
468 2260 567 2328 esset,
602 2250 659 2310 hoc
687 2268 762 2311 uero
783 2269 893 2330 parum
918 2269 957 2311 ex
979 2268 1064 2311 nmre
1086 2251 1224 2313 Plautino

67 2348 134 2412 lieri.
152 2400 156 2407 .
174 2353 360 2414 Persuasum
384 2354 477 2432 igitur
498 2352 632 2433 Liebigio
654 2353 712 2415 luit
741 2372 757 2414 a
781 2353 886 2414 Plauto
909 2354 976 2431 ipso
1004 2353 1075 2413 huic
1088 2354 1222 2415 -Charini

66 2455 187 2515 orationi
218 2454 350 2530 breuem
383 2456 542 2535 prologum
576 2458 780 2534 praemissum
814 2474 913 2535 eoque
945 2464 1159 2536 argumentum
1194 2466 1226 2517 et

67 2554 184 2617 Charini
214 2576 334 2620 amores
369 2567 489 2620 narrata
524 2557 634 2634 luisse;
671 2567 738 2620 tum
768 2557 894 2620 demum
923 2559 1090 2620 Charinum
1120 2560 1224 2638 ipsum

65 2657 210 2736 prodiisse
233 2673 417 2740 amoresque
440 2679 513 2723 suos
535 2662 727 2740 exposuisse,
753 2662 796 2721 ita
818 2671 921 2722 tamen
944 2671 980 2724 ut
996 2663 1108 2741 ,ononis
1125 2663 1224 2725 mise-

66 2761 174 2822 riarum
197 2764 409 2843 uitiorumque
431 2781 565 2826 amorem
588 2764 771 2825 sectantium
788 2765 938 2844 expositio
953 2766 983 2826 in
1000 2783 1034 2825 ea
1051 2766 1226 2825 narratione

65 2897 104 2908 -
123 2863 284 2927 defuerit‘.
305 2903 344 2912 -—
367 2863 408 2928 At
422 2865 505 2943 uide,
529 2885 621 2946 quam
638 2867 741 2928 uirum
757 2866 881 2930 doctum
897 2868 1047 2946 sagacitas
1062 2864 1219 2928 fefelleritl

65 2965 100 3024 Vt
119 2969 201 3027 enim
228 2968 341 3029 uitaret
356 2969 523 3032 Charinum
546 2969 577 3030 in
600 2969 685 3030 initio
705 2969 829 3031 fabulae
851 2968 1015 3048 dicentem,
1042 2969 1112 3048 quis
1128 2979 1221 3048 esset,

65 3086 175 3131 nonum
206 3071 369 3150 prologum
398 3072 459 3132 sihi
489 3071 595 3152 linxit,
627 3072 680 3151 qui
710 3073 777 3134 cius
809 3091 937 3134 munere
966 3070 1161 3151 iungeretur,
1195 3080 1227 3131 et

66 3170 154 3232 nihilo
176 3175 285 3234 minus
307 3175 339 3233 in
357 3172 502 3253 ¹pronima
525 3193 633 3236 scaena
652 3173 819 3236 Charinum
843 3173 924 3236 idem
949 3174 1013 3234 lere
1031 3173 1133 3239 denuo
1148 3192 1226 3254 pro-

64 3275 200 3337 nuntiare
223 3275 307 3354 uult,
335 3285 380 3354 ,at
401 3295 461 3337 non
485 3277 577 3338 ilico‘.
620 3275 683 3338 Sed
705 3294 776 3336 cum
799 3276 857 3337 alio
878 3276 944 3337 loco
967 3275 1007 3338 ad
1028 3277 1084 3338 hos
1113 3295 1225 3338 uersus

64 3378 284 3440 reuertendum
307 3380 357 3459 sit,
383 3397 468 3441 nuuc
489 3379 546 3440 hoo
568 3387 672 3440 contra
688 3377 858 3458 Liebigium
882 3379 1038 3440 monuisse
1061 3379 1135 3440 satis
1153 3381 1221 3456 erit,

63 3480 193 3555 primum
219 3481 393 3543 Charinum
416 3483 539 3543 omnino
562 3499 623 3542 non
646 3481 766 3560 dicere,
781 3492 784 3500 '
799 3482 870 3561 quis
893 3482 942 3558 sit,
968 3479 1080 3541 deinde
1102 3481 1134 3541 in
1157 3481 1224 3541 aliis

63 3579 171 3644 fabulis
193 3602 347 3665 personas
369 3585 493 3646 uomina
516 3603 572 3646 sua
595 3585 705 3645 statim
720 3585 752 3643 in
775 3583 861 3644 initio
883 3583 1018 3662 profiteri
1040 3582 1128 3643 uelut
1141 3583 1225 3643 ller-

64 3687 178 3746 curium
210 3688 245 3747 in
269 3685 511 3766 Amphitruone,
543 3686 707 3767 Epidicum
736 3704 864 3748 seruum
894 3685 927 3744 in
949 3683 1075 3763 Epidico
1105 3683 1220 3746 fabula.

63 3786 209 3858 Quamuis
238 3799 346 3850 autem
376 3792 563 3867 errauerit,
585 3797 689 3849 tamen
719 3807 755 3848 ea
783 3789 851 3849 lans
881 3785 1014 3866 Liebigio
1043 3785 1224 3865 deneganda

63 3902 193 3972 nonest,
213 3892 422 3972 temptauisse
437 3911 509 3953 eum
525 3891 605 3951 hanc
620 3891 831 3970 quaestionem
848 3907 1029 3968 promouere
1044 3891 1105 3968 uia,
1130 3908 1224 3969 quam

62 4003 128 4055 ante
149 4015 224 4058 enm
249 3994 420 4056 nemodum
443 3995 601 4076 ingressus
624 3993 673 4054 sit.

127 4221 150 4282 t)
171 4221 203 4270 Α.
225 4219 255 4268 L.
279 4217 311 4267 R.
332 4215 424 4280 Liebig
441 4216 474 4266 de
492 4215 560 4281 prol.
580 4217 686 4266 Terent.
706 4217 741 4264 et.
763 4212 846 4263 Plcut.
867 4213 970 4263 Gorlitii
990 4215 1064 4261 tots.
1085 4225 1111 4275 p.
1133 4216 1165 4261 ³2
1184 4225 1223 4276 sq.-

111 4317 263 4371 studemnnd,
280 4316 373 4358 Studien
387 4317 406 4357 1.
1004 4318 1019 4363 g
