3086 5024
312 411 373 472 224
739 409 894 470 Envnnnvs
919 412 1044 469 Binum.

829 587 940 653 Pereat,
966 591 1096 656 quotque
1119 590 1255 639 exoretur
1278 581 1444 638 emorabub's.

377 691 461 760 Epid.
488 690 522 757 11,
552 695 580 756 2,
605 692 643 745 55
672 683 755 764 (434)
826 687 885 742 Nee
921 691 991 744 44444
1028 686 1216 756 4444444444,
1258 703 1309 742 nec
1341 690 1465 740 4444444444

895 791 1016 864 fallebar
1039 797 1139 856 tamen,
1171 788 1251 859 Quae
1272 789 1462 858 loquerentur.

377 897 464 950 Mero.
493 897 552 952 707
582 891 651 965 (1111,
680 898 709 961 3,
738 889 765 961 8)
833 891 890 948 Sed
910 910 985 965 quae
1007 894 1153 964 loquatur,
1180 891 1317 948 exaudire
1341 891 1465 946 44444444

899 1014 980 1068 queo.

313 1103 378 1157 Ter.
405 1103 479 1156 Eun.
508 1104 567 1157 699
595 1099 666 1170 (4444,
695 1103 723 1166 4,
752 1092 801 1174 34)
831 1115 896 1168 nec,
933 1101 998 1170 quis
1032 1105 1123 1167 esset,
1161 1115 1297 1171 umquam
1330 1098 1466 1154 4444444444

898 1203 996 1258 dicier.

311 1309 353 1363 Pl.
380 1309 466 1362 True.
492 1306 551 1373 1111,
580 1311 610 1374 3,
640 1308 677 1363 it
708 1297 789 1381 (894)
830 1306 994 1376 Numquam
1017 1313 1043 1361 44
1063 1306 1156 1377 suem
1171 1305 1254 1361 4444444
1277 1305 1369 1376 quini,
1392 1313 1429 1373 ut,
1447 1307 1467 1357 44

309 1390 316 1408 s
898 1409 962 1479 quis
985 1415 1071 1477 esset,
1098 1409 1220 1463 diceres.
1234 1403 1253 1477 ¹)

377 1515 462 1569 Cure.
491 1516 549 1568 660
579 1504 621 1586 (V,
650 1517 679 1580 2,
708 1505 757 1587 50)
828 1512 897 1576 Nec,
924 1527 983 1581 quo
1006 1528 1050 1567 me
1071 1517 1155 1580 pacto
1172 1509 1340 1578 abstulerit,
1360 1526 1468 1583 possam

897 1614 1005 1670 dicere.

313 1723 378 1776 Ter.
405 1721 479 1775 Eun.
509 1722 588 1774 4949
618 1715 659 1789 (V,
689 1724 717 1785 6,
746 1715 773 1788 9)
830 1717 893 1772 Ν44
912 1733 1030 1790 poenum
1052 1720 1121 1774 satis
1143 1733 1272 1785 narrare,
1299 1732 1376 1787 quos
1399 1716 1469 1772 444444

536 1803 539 1812 ’
897 1819 1068 1890 praebueris
1089 1822 1175 1877 4444444.

405 1927 480 1981 Eun.
507 1928 567 1981 659
598 1920 666 2000 (1111,
696 1926 724 1991 4,
754 1917 803 1999 47)
831 1939 937 1995 neque,
965 1941 1051 1997 quom
1073 1928 1193 1996 repetes,
1220 1924 1290 1994 quid
1314 1924 1370 1991 sit,
1397 1923 1469 1978 4444444

899 2027 1006 2082 dicere.
1524 2003 1525 2042 t

404 2132 505 2185 nean.
535 2133 593 2185 444
621 2123 654 2205 (4,
685 2135 712 2198 4,
742 2123 810 2204 443)
842 2132 881 2185 ru
904 2131 995 2199 rtrum,
1021 2146 1180 2200 numquam
1196 2130 1359 2198 ostendisti,
1379 2131 1468 2200 quant
1524 2111 1525 2158 ἶ

900 2233 1054 2302 penderes.

312 2337 381 2391 Cato
405 2336 476 2405 orig.
502 2334 564 2403 1111,
594 2339 603 2389 4
639 2326 724 2409 (iord.
752 2350 781 2404 p.
811 2339 861 2404 46,
891 2333 938 2406 46)
966 2336 1029 2392 Non
1061 2334 1136 2392 444444
1165 2334 1311 2404 seribere,
1347 2337 1423 2408 qued
1446 2338 1470 2389 444

842 2437 938 2496 tabula
961 2438 1040 2512 apud
1057 2439 1219 2512 pontificem
1241 2440 1404 2494 monimum
1425 2447 1467 2502 444,

828 2543 961 2610 quotiens
988 2558 1208 2607 annonarum,
1236 2543 1376 2612 quotiens
1399 2544 1471 2622 4444444

829 2645 953 2700 4444444444
965 2646 1067 2700 lumine
1079 2646 1171 2716 444494
1180 2652 1231 2700 eut
1241 2645 1312 2715 quid
1323 2643 1468 2701 obstiterit.

312 2741 535 2804 Coniunctiuus
557 2760 627 2803 eum
651 2740 738 2802 libris
761 2742 973 2804 restituendus
996 2744 1071 2804 erit:

312 2852 352 2906 Pl.
379 2849 484 2920 Amph.
514 2852 571 2906 tte
602 2846 633 2918 (1,
665 2852 691 2917 4,
722 2843 769 2925 48)
797 2850 922 2922 Aequom
937 2850 995 2906 4444
1011 2840 1246 2930 (444))444444,4444
1261 2852 1392 2920 reputat,
1409 2851 1471 2922 quid

830 2951 955 3009 44464454.

312 3051 383 3112 libri
411 3049 561 3131 praebent
584 3047 720 3129 Aequum
750 3069 813 3112 4444
840 3059 928 3131 putat
953 3070 1013 3114 4444
1040 3058 1161 3132 reputat
1187 3051 1301 3113 tatoris
1327 3053 1401 3134 quid
1421 3054 1470 3125 444;

312 3157 416 3234 itaque
438 3154 653 3215 eoniunetiuus
669 3153 891 3233 restituendum
918 3172 1029 3216 uersus
1053 3163 1157 3216 autem
1172 3174 1243 3215 eum
1260 3153 1470 3217 Studemunde
1521 3169 1522 3182 ¹

317 3257 367 3339 (de
389 3267 470 3318 eant.
498 3256 626 3317 Plautin.
651 3274 683 3334 p.
711 3255 761 3337 27)
790 3258 821 3317 in
845 3257 1013 3318 dimetrum
1036 3276 1126 3338 anap.
1154 3268 1212 3318 eat.
1238 3266 1271 3318 et
1299 3259 1471 3337 penthemi-

312 3379 412 3421 meres
434 3359 527 3420 iamb.
554 3358 773 3421 dissoluendus
796 3362 876 3420 erit:

442 3459 571 3543 Aequom
593 3465 655 3524 4444
677 3470 772 3543 putat,
799 3480 862 3523 non
885 3467 1016 3542 reputat,
1140 3461 1265 3524 4446444
1288 3462 1369 3542 quid
1392 3463 1437 3522 sit.
1449 3461 1467 3541 ²)
1520 3507 1521 3538 ,

383 3689 405 3746 4)
427 3690 502 3751 quieti
518 3691 548 3736 444
564 3689 586 3737 is
604 3685 783 3746 Camerarius,
803 3689 831 3736 444
849 3689 933 3749 quiuis
952 3685 1023 3736 BCD.

381 3775 406 3838 4)
428 3774 467 3824 nd
486 3774 555 3823 hane
572 3773 759 3837 quaestionem
779 3785 832 3821 non
850 3773 975 3837 pertinet,
1002 3771 1074 3837 quod
1093 3771 1245 3821 Fuhrmenn
1275 3770 1302 3832 (i.
1326 3769 1469 3823 l.·sentent.

312 3864 434 3912 4444444.
450 3860 479 3922 44)
497 3859 568 3908 hunc
582 3872 692 3909 uersum
707 3858 895 3923 interpolatum
915 3861 941 3908 et
960 3860 1045 3908 444444
1064 3858 1153 3906 locum
1172 3854 1212 3907 sie
1231 3857 1411 3908 scribendum
1422 3868 1471 3906 esse

312 3960 392 3996 causa
412 3946 484 3996 nulla
503 3945 592 3995 addita
612 3945 750 4008 opinatur:

415 4033 539 4081 Dominus
556 4033 627 4081 4444444
645 4033 730 4092 operis
748 4035 773 4080 44
790 4043 884 4093 expers
902 4031 997 4080 laboris

418 4118 616 4181 Quarquernae
633 4118 724 4166 4444444
741 4117 820 4166 44444444
838 4119 861 4166 ta
877 4129 951 4179 porse
968 4121 1044 4166 retur
1059 4152 1065 4164 .
1082 4153 1087 4164 .
1105 4153 1110 4166 .

416 4205 563 4266 Numquam
581 4217 690 4265 aequom
708 4217 774 4252 444444
793 4206 907 4265 iniquom
926 4205 1042 4265 imperet,
1063 4202 1187 4265 oppitabit.
