3116 5020
733 401 887 464 Ennianus
911 403 1037 464 Beuum.

848 741 920 826 μ.

393 878 588 958 Interrogatio
604 879 720 960 pendet
741 900 780 941 ex
796 881 989 962 imperatiois
1007 881 1264 961 locutionibusue,
1292 900 1371 962 quae
1394 881 1457 942 illo-

307 998 375 1042 rum
399 981 501 1044 locum
524 982 675 1045 obtinent.

871 1085 899 1168 o

392 1189 592 1249 Enuntietum
615 1190 795 1268 primarium
818 1191 908 1250 uide
930 1188 1085 1250 similibus
1107 1190 1299 1270 imperatiuis
1321 1187 1455 1249 eflicitur:

391 1291 454 1351 lam
476 1303 570 1370 supra
587 1309 656 1370 pag.
677 1291 738 1352 272
754 1292 873 1354 dictum
892 1303 941 1354 est
955 1301 1078 1372 praeter
1092 1291 1183 1354 niden
1198 1293 1460 1370 interrogationem

305 1391 511 1454 adulterinam
534 1394 567 1454 in
588 1392 705 1455 eisdem
728 1396 899 1457 enuntiatis
922 1395 989 1455 sine
1013 1395 1074 1456 ullo
1097 1395 1268 1455 sententiae
1290 1393 1460 1455 discrimine

306 1497 397 1556 etiarn
420 1496 489 1557 aide
511 1497 730 1577 imperatiuurn
761 1498 911 1560 enuntiati
935 1497 1071 1576 primarii
1102 1498 1203 1558 locum
1233 1498 1360 1576 saepius
1382 1493 1461 1556 obti-

306 1617 389 1658 nere.
430 1597 531 1678 Atque
558 1601 721 1678 scriptores
742 1601 852 1681 prisci,
886 1609 921 1662 ut
945 1599 1060 1660 ibidem
1084 1601 1278 1677 monuimus,
1314 1600 1345 1658 in
1368 1599 1461 1659 inter-

306 1701 515 1782 rogationibus
537 1721 576 1762 es
598 1704 687 1764 uiden
717 1705 876 1764 enuntiato
899 1703 1046 1782 primario
1066 1701 1278 1781 pendentibus
1301 1699 1462 1761 indicatiuo

307 1813 373 1864 tum
391 1814 531 1883 utuntur,
541 1804 604 1868 'ubi
621 1815 676 1866 aut
689 1804 730 1884 id,
747 1803 830 1884 quod
846 1806 1000 1886 inspicere
1015 1805 1129 1885 aliquis
1144 1803 1279 1884 iubetur,
1298 1813 1371 1864 ante
1386 1804 1462 1882 ipsos

308 1906 550 1986 colloquentium
566 1907 669 1970 oeulos
684 1909 852 1988 peragitur,
871 1918 925 1970 eut
940 1923 989 1968 res
1004 1907 1044 1968 de
1059 1925 1120 1987 qua
1134 1909 1236 1987 agitur
1258 1906 1367 1968 uerbis
1390 1924 1463 1984 quae

305 2009 496 2088 praecedunt
523 2011 561 2089 ei,
594 2009 634 2071 ad
656 2027 750 2089 quem
772 2008 869 2072 uerba
895 2011 990 2088 liunt,
1016 2020 1161 2071 narratur
1182 2020 1276 2089 etque
1299 2009 1357 2070 boc
1379 2007 1463 2068 modo

306 2122 464 2190 tamquam
487 2123 559 2174 ante
582 2112 685 2177 oculos
708 2113 900 2193 proponitur,
931 2114 1112 2194 priusquam
1135 2114 1287 2193 inspicere
1309 2112 1460 2172 iubentur.

307 2217 413 2293 ltaque
436 2234 493 2295 per
515 2225 562 2276 est
584 2214 714 2276 eandem
736 2216 833 2294 legem
856 2215 1016 2277 obseruari
1046 2217 1137 2276 etiam
1161 2216 1192 2275 in
1218 2214 1346 2276 eisdem.
1362 2232 1464 2275 enun-

306 2318 388 2378 tiatis
417 2336 497 2397 quae
526 2337 565 2378 ex
587 2318 656 2380 niele
685 2318 841 2378 similibus
871 2319 1064 2397 imperatiuis
1096 2316 1267 2398 pendeant,
1300 2335 1372 2376 eam
1402 2316 1465 2376 dico

306 2439 368 2499 qua
399 2422 428 2480 in
459 2419 609 2482 eiusmodi
640 2420 807 2481 enuntiatis
837 2420 1070 2482 condicionibus
1098 2439 1191 2499 supra
1223 2420 1465 2481 commemoratis

306 2523 395 2584 uerbi
419 2522 606 2586 indicatiuus
629 2522 789 2603 flagitetur.

392 2632 418 2702 a)
447 2628 506 2687 Res
528 2627 595 2705 ipsa
618 2625 714 2686 oculis
737 2627 939 2704 conspicitur:

306 2735 346 2788 Pl.
373 2736 455 2790 Most.
484 2739 543 2790 886
572 2732 642 2805 (llll,
669 2738 699 2799 2,
727 2727 755 2808 3)
837 2734 918 2802 vide,
944 2740 976 2788 ut
997 2732 1104 2789 fastidit
1126 2733 1220 2788 cintia.

372 2839 456 2893 Cure.
485 2841 539 2892 3⁴⁴
575 2832 619 2911 (ΙΙ,
647 2840 676 2903 3,
705 2834 753 2905 tt)
840 2837 918 2900 Vide,
944 2844 975 2891 ut
998 2835 1143 2905 expalluit.

305 2941 371 2994 Ter.
397 2940 471 2994 Eun.
492 2942 552 2994 919
575 2938 616 3012 (V,
645 2942 673 3005 3,
704 2938 751 3008 lt)
836 2929 947 3015 uide¹),
973 2946 1005 2994 ut
1028 2930 1163 3013 allow)
1190 2938 1222 2990 it.

391 3040 513 3110 Adelph.
536 3043 594 3094 559
617 3035 687 3114 (llll,
710 3045 738 3104 2,
760 3033 810 3115 20)
839 3041 888 3096 tta
911 3041 989 3109 uide,
1016 3047 1048 3096 ut
1070 3038 1182 3095 dlecidit
1206 3037 1325 3094 lobrrtra.

306 3145 345 3198 Pl.
371 3145 446 3198 Men.
475 3147 534 3197 828
562 3141 604 3211 (V,
634 3147 662 3204 t,
691 3141 740 3208 at)
839 3149 933 3198 —ut
955 3143 1055 3198 atridis
1077 3143 1205 3197 exoritur
1229 3142 1306 3196 colos
1330 3140 1377 3194 b'n
1401 3149 1467 3195 tenr-

919 3245 1036 3317 pnrt'bos
1069 3253 1152 3316 alque
1183 3244 1295 3316 fronte:
1327 3249 1361 3297 ut
1398 3243 1469 3298 cearli

921 3348 1083 3410 scintillant,
1110 3347 1188 3402 uide.

370 3452 456 3506 Truc.
483 3450 517 3516 ll,
547 3453 574 3515 l,
604 3455 619 3507 2
648 3447 732 3520 (³52)
835 3449 891 3506 Ver
913 3452 991 3520 uide,
1017 3451 1052 3506 Vt
1074 3457 1131 3506 totu
1154 3446 1257 3515 floret,
1286 3450 1317 3501 ut
1339 3449 1412 3514 olel,
1438 3454 1467 3500 ut

921 3552 1009 3608 nitide
1032 3555 1111 3606 nitet.
1125 3549 1145 3622 ³)

375 3757 396 3813 t)
422 3753 524 3802 lllDllN
540 3753 559 3800 Α
578 3755 640 3800 ante
659 3755 794 3800 recentem
813 3755 1002 3812 correctorem,
1023 3753 1082 3801 uida
1100 3749 1205 3814 reliqui.

373 3840 397 3898 2)
422 3836 607 3888 otiosus-m
619 3838 649 3896 Λ,
670 3840 766 3888 otiosus
783 3839 815 3886 stt
827 3837 962 3900 BCDEFP,
980 3839 1076 3886 otiosos
1087 3839 1133 3886 atet
1146 3835 1265 3884 Donatus
1278 3834 1321 3883 bis
1335 3835 1362 3883 in
1378 3835 1465 3884 lenum.

374 3924 397 3983 3)
418 3923 472 3972 Nisi
492 3923 582 3986 potius
594 3935 656 3972 cum
669 3922 856 3972 studemundo
877 3923 912 3984 (in
932 3922 1038 3984 scholis)
1060 3924 1109 3972 Ver
1126 3922 1186 3972 alde
1202 3925 1230 3970 ut
1248 3925 1299 3970 toto
1315 3923 1394 3984 floret
1412 3921 1465 3968 sine

304 4011 437 4057 commate
450 4007 623 4057 scribendum
643 4016 682 4057 est
702 4010 746 4067 ita,
769 4012 797 4059 ut
811 4009 936 4058 liberiore
949 4010 1086 4058 structura
1097 4021 1147 4057 uer
1158 4007 1331 4056 accusetiuus
1344 4019 1380 4054 ex
1396 4009 1468 4070 floret

307 4094 342 4154 (et
361 4092 440 4140 simul
460 4092 629 4156 aliquetenus
648 4107 680 4141 ex
699 4095 754 4154 olet)
783 4094 899 4157 pendeat
925 4093 1004 4156 (conl.
1026 4093 1089 4142 cist.
1110 4093 1184 4156 apud
1202 4090 1425 4142 studemuadum
1442 4092 1466 4138 in

304 4178 359 4226 ind.
381 4179 440 4226 leet.
463 4178 661 4241 Gryplriswold.
685 4175 794 4240 lssttl‘lt
815 4193 874 4242 pag.
899 4184 927 4227 tt
952 4179 1072 4230 Venerem
1089 4191 1191 4228 merum
1209 4179 1272 4227 boec
1290 4179 1463 4236 moselant).
