3176 5028
319 442 360 504 22
607 429 615 444 ⁸
761 441 914 504 Arevsrvs
937 444 1042 504 Lvens.

319 613 354 674 lu
375 611 466 674 libris
492 621 597 674 eutem
627 611 772 698 omnibus
797 631 860 674 uno
883 629 1037 674 consensu
1058 613 1108 673 hie
1129 609 1296 673 uerborum
1319 609 1395 676 urdo
1417 617 1489 672 tra-

319 712 402 775 ditus
425 723 494 774 est:
1097 779 1100 784 ¹

450 819 550 897 Neque
572 816 661 878 444444
682 816 736 879 ulli
753 816 829 898 pide
848 817 955 898 pedem
976 817 1089 878 4444444
1109 817 1271 895 44444441)

450 921 521 981 lstie
543 917 662 999 quidem
685 919 786 1000 edepol
806 921 865 980 mei
886 920 948 980 44444
970 918 1090 980 tabidi
1109 917 1243 998 peudr.²)

451 1022 488 1083 st
508 1019 591 1100 updd
612 1039 659 1082 me
681 1022 808 1098 esuru's,
830 1019 905 1082 milti
926 1021 998 1082 duri
1020 1022 1142 1101 operdm
1164 1020 1241 1081 uold.
1254 1018 1277 1102 ³)

452 1124 602 1203 Sequere:
628 1126 673 1184 e'm
696 1123 752 1185 tibi
772 1123 927 1185 homiuem.
977 1123 1116 1184 Grdte'dm
1139 1121 1230 1183 hebed
1254 1121 1316 1184 tibi.

452 1223 591 1288 ‘Obsecro
613 1244 679 1288 uos.
721 1226 833 1288 sttuite
856 1227 965 1288 istunc.
1014 1225 1152 1288 Grdtidm
1175 1224 1268 1286 iahed
1291 1225 1353 1286 tibi.
1428 1251 1432 1258 ·

426 1357 427 1360 ¹
453 1328 489 1388 Si
510 1326 565 1388 iric
584 1327 686 1408 pudet,
710 1328 817 1408 secisse
839 1336 1000 1408 urmptum.
1024 1325 1152 1408 supplici
1175 1326 1268 1389 iahed
1290 1327 1405 1410 444444)

452 1431 542 1492 Militi
564 1430 749 1493 Macedonio.
789 1439 817 1493 et
839 1433 901 1492 iam
923 1429 1093 1512 quindecim
1116 1429 1208 1492 iudei
1231 1431 1337 1492 uendi.

323 1535 404 1596 Sane
426 1531 606 1600 facillimum
621 1544 669 1595 est
689 1535 845 1615 negotium
860 1533 978 1595 hiatum
993 1534 1035 1594 ita
1051 1531 1183 1610 aniene,
1210 1541 1246 1594 ut
1260 1533 1369 1595 nomia
1384 1533 1493 1612 eliqua
1584 1499 1585 1552 ᾗ

323 1636 423 1697 inanis
445 1635 610 1713 inseretur,
636 1635 724 1698 uelut
744 1636 842 1698 hercle
864 1636 1043 1715 nuperrime
1070 1635 1191 1697 addidit
1213 1637 1248 1698 G.
1272 1637 1305 1696 F.
1319 1636 1360 1698 G.
1386 1635 1494 1696 Muel-

323 1739 407 1800 ierus
441 1734 573 1818 paean.
598 1757 630 1817 p.
659 1737 730 1819 rm)
757 1739 818 1800 uir.
854 1739 952 1799 ries:
985 1739 1120 1818 prunam
1142 1732 1272 1824 (tercie)
1295 1737 1387 1798 natea
1411 1737 1492 1813 utu-

324 1839 375 1900 uel
412 1840 473 1900 ium
502 1839 688 1902 Bitschelius
725 1859 795 1901 cum
825 1839 963 1902 Acidalio
996 1843 1082 1902 Most.
1118 1841 1219 1901 4465:
1246 1839 1376 1921 sdpplici
1393 1834 1493 1925 (ium)

325 1941 418 2004 iubeo'
441 1943 534 2018 44444;
559 1941 611 2002 uel
633 1943 713 2004 domi
740 1944 807 2004 siue
836 1944 917 2004 intus
939 1943 1122 2004 liitsehelius
1144 1942 1255 2005 Pseud.
1281 1944 1362 2004 3l6:
1395 1945 1493 2024 quin-
1584 1953 1585 2018 ξ

323 2045 420 2106 decim
435 2043 527 2105 irrideo
543 2037 655 2128 (4444444)
670 2046 778 2118 minas,
798 2046 968 2126 quindecim
983 2044 1076 2107 tdbeo
1092 2040 1205 2131 (entis)
1220 2047 1336 2121 utinum·
1353 2045 1406 2106 uel
1421 2043 1493 2106 inde
1584 2075 1585 2118 j

324 2145 488 2208 Muellerus
508 2143 638 2227 (Naehtr.
657 2167 688 2227 p.
707 2145 790 2229 444);
812 2148 981 2230 quindecim
997 2142 1099 2234 (inde)
1115 2149 1207 2210 hebed
1223 2150 1341 2225 miuus,·
1365 2147 1417 2222 uel
1431 2165 1493 2209 ua-

325 2267 418 2330 quum
433 2248 616 2310 Ritsehelius
631 2258 663 2308 et
677 2249 890 2312 Fleckeisenus
912 2248 997 2312 Asin.
1018 2249 1096 2311 775:
1121 2252 1197 2330 pide
1206 2250 1313 2332 pedem
1328 2244 1493 2335 (isquam)

325 2353 439 2414 domini
449 2357 579 2432 premat,
599 2351 650 2412 uel
666 2352 744 2413 clam
758 2352 924 2415 Muellerus
951 2352 1003 2435 (Pl.
1028 2354 1112 2414 Pras.
1138 2371 1168 2432 p.
1188 2352 1274 2434 537):
1291 2353 1368 2434 pe'de
1385 2353 1494 2434 pedem

326 2449 439 2540 (cirini)
454 2454 564 2516 homiui
577 2462 706 2533 premat.
736 2453 896 2516 Eiusmodi
911 2455 1003 2533 igitur
1013 2455 1140 2518 uooulas
1155 2456 1326 2535 excogitare
1342 2453 1424 2516 haud
1449 2455 1493 2515 ita
1584 2477 1585 2510 5

325 2565 435 2631 eeutee
457 2557 570 2618 mentis
592 2573 660 2618 esse
682 2565 818 2636 constat,
849 2556 905 2618 sed
935 2576 1012 2618 num
1041 2559 1099 2620 hac
1126 2558 1214 2620 en'sis
1242 2558 1360 2619 ratione
1385 2557 1494 2619 Plauto
1584 2569 1585 2594 ¹

326 2660 544 2737 restituamus,
578 2658 663 2738 qued
691 2659 864 2722 Plautinum
895 2669 952 2740 est,
987 2662 1061 2722 satis
1091 2659 1223 2722 dubium
1253 2679 1323 2722 esse
1352 2659 1489 2721 uidetur.
1584 2681 1585 2744 j

398 2933 420 2996 4)
442 2933 515 2983 Asin.
538 2935 600 2982 lit:
630 2933 683 2982 Nee
706 2935 781 2986 illaec
803 2936 851 3003 ulii
872 2935 937 2998 pede
960 2935 1057 2984 homini
1072 2935 1164 2998 pedem
1179 2939 1284 2998 premit
1306 2947 1366 2984 eam
1386 2948 1495 2999 quoque

327 3019 362 3070 ob
379 3031 489 3068 eausam
508 3017 676 3067 reiciendum
695 3023 743 3080 est,
769 3020 841 3083 quod
864 3020 1013 3070 secundum
1038 3033 1118 3070 usum
1138 3019 1288 3069 Plautinum
1312 3032 1367 3069 non
1386 3019 1496 3069 uidetur

327 3104 408 3155 licere
431 3105 502 3166 pede.
516 3103 606 3164 pedem
629 3102 729 3152 inserto
753 3106 805 3155 alio
829 3105 962 3155 uocabulo
987 3105 1086 3154 dirimi.
1123 3103 1164 3160 (cl.
1191 3103 1240 3154 Ad.
1266 3105 1442 3168 Kiessllngius
1466 3107 1495 3154 in

327 3190 394 3240 Mus.
416 3189 464 3238 uh.
483 3188 568 3238 xxlli
586 3201 612 3250 p.
635 3189 679 3236 444
702 3191 754 3254 sq.)

396 3276 421 3326 2)
443 3274 493 3324 Pro
511 3277 565 3326 istic
587 3277 690 3339 quidem
712 3275 885 3328 scribendum
904 3290 963 3330 esse
984 3275 1246 3340 defunctorumque
1264 3275 1497 3337 adeuietiquidem

327 3359 391 3410 aiibi
409 3360 610 3412 demonstrabo.

397 3447 420 3506 ³)
443 3446 470 3496 si
488 3446 556 3496 llud.
579 3451 626 3497 484
651 3449 757 3512 scripsit
780 3447 986 3498 Fleckeisenus:
1014 3447 1042 3498 Si
1065 3447 1136 3510 apud
1158 3447 1216 3498 mid
1234 3443 1341 3508 esuru's,
1360 3447 1426 3496 miii
1443 3449 1497 3496 di-

328 3532 400 3580 4444
424 3535 529 3593 operam
553 3533 613 3582 uolo
637 3559 668 3568 -
692 3545 773 3597 quam
797 3533 980 3582 coniecturam
1004 3532 1165 3582 liitsehelius
1191 3531 1349 3595 comprobat
1366 3559 1414 3592 -‚
1441 3545 1497 3581 non
1584 3579 1585 3586 ,

329 3615 525 3679 neglegendum
550 3620 592 3668 est
616 3629 721 3680 operum
744 3617 807 3667 dure
832 3615 979 3666 dictionem
1005 3617 1173 3682 saepissime,
1199 3629 1306 3680 operum
1322 3617 1411 3666 dicare
1429 3629 1497 3667 nus-

329 3714 410 3765 quam
428 3699 492 3751 alibi
510 3701 582 3766 apud
601 3701 721 3752 utentum
740 3713 893 3754 cucurrere.
1371 3703 1375 3709 '

398 3789 422 3847 4)
443 3788 470 3836 si
489 3787 578 3838 hiatus
601 3788 783 3842 remouendus
807 3791 888 3849 esset,
913 3787 948 3838 ad
970 3787 1174 3839 similitudinem
1192 3786 1303 3852 Adelph.
1332 3791 1394 3838 8⁴3:
1425 3788 1498 3840 Sulis

329 3873 392 3922 miti
409 3875 435 3922 ld
453 3874 560 3922 labeum
576 3875 686 3936 sdpptici
704 3877 731 3923 et
753 3873 859 3925 Phorm.
875 3877 955 3922 tout:
984 3875 1077 3926 4444444
1093 3887 1155 3928 estete
1173 3876 1200 3923 iu
1216 3875 1346 3938 prditum:
1366 3875 1420 3924 ium
1431 3877 1498 3938 srip-

326 3961 388 4021 ptiei
404 3962 466 4009 44444
483 3961 519 4009 444
536 3961 599 4009 milri
620 3961 653 4020 (et
677 3958 760 4010 Andr.
786 3963 851 4008 9⁰³:
880 3961 931 4009 Pro
951 3965 1054 4022 peccato
1071 3973 1165 4022 mupnu
1180 3959 1291 4022 paulum
1307 3961 1419 4026 supplici
1436 3963 1499 4009 sutis

330 4049 367 4095 444
382 4048 460 4108 patri)
482 4049 574 4110 posset
591 4045 672 4095 etiam
690 4043 792 4093 conici:
812 4071 847 4080 -
864 4045 973 4108 supplici
990 4047 1016 4094 id
1038 4047 1075 4094 mi
1098 4045 1176 4094 iubeo
1195 4047 1257 4111 44444
1274 4044 1318 4094 uel
1335 4069 1370 4082 -
1387 4046 1501 4108 supplici

330 4132 357 4180 id
374 4132 453 4181 iubeo
469 4133 531 4181 444444
547 4129 592 4179 uel
612 4156 643 4165 -
662 4131 771 4191 supplici
787 4132 848 4179 sutis
865 4135 902 4179 est
919 4131 982 4181 miii
999 4130 1044 4186 uel
1062 4129 1113 4184 alia
1133 4129 1231 4184 similla
1252 4127 1294 4195 (el.
1315 4129 1397 4180 etiam
1416 4129 1498 4180 Persa

332 4219 396 4272 tei:
419 4216 487 4275 satu
503 4217 659 4287 mnipumru
675 4216 786 4282 supplici
802 4215 876 4280 ium).
892 4242 926 4259 -.
