3116 5020
290 365 354 430 258
720 367 873 430 Euvaunrs
898 370 1021 429 saorra.

376 539 409 600 ln
438 537 563 600 duobus
593 539 743 620 exemplis
771 539 884 601 breues
914 541 1041 601 uoculae
1072 541 1152 600 inter
1183 542 1245 602 scio
1268 539 1392 601 uerbum
1411 552 1436 602 et

289 659 459 720 pronomen
482 642 735 722 interrogatiunm
753 644 894 704 insertae
917 652 1006 703 sunt:

288 749 327 805 Pl.
354 749 410 803 Mil.
440 753 477 804 36
507 742 538 825 (Ι,
569 755 596 818 1,
624 749 673 822 36)
754 751 830 818 Quid
851 753 919 806 illuc
943 751 1019 822 quod
1040 742 1152 825 611661)
1169 751 1237 805 Hem
1248 742 1268 824 1)
1295 750 1432 819 sciolum,

875 853 943 924 quid
968 855 1012 908 uis
1036 854 1135 909 dicere.

353 955 457 1010 Bacch.
486 958 523 1011 '18
554 947 584 1030 (Ι,
616 961 642 1024 1,
672 953 719 1030 15)
756 955 819 1012 Scio
843 945 1431 1036 <696>,661(1666.))Ε16616966666,

871 1059 941 1128 quid
986 1063 1095 1113 metuo.
1143 1057 1192 1112 sed
1236 1056 1305 1130 quid
1341 1048 1421 1133 6111))

876 1159 951 1226 Quid
973 1160 1034 1215 eal?

291 1257 390 1317 Possis
414 1274 489 1317 sane
511 1258 543 1318 in
571 1258 672 1337 priore
695 1257 836 1336 exemplo
864 1255 932 1338 (Mil.
959 1257 1009 1336 36)
1038 1267 1091 1318 aut
1114 1259 1175 1317 ium
1197 1255 1300 1317 delere
1321 1266 1370 1317 aut
1388 1257 1434 1317 ulis

289 1377 344 1438 pro
367 1359 417 1419 uis
440 1359 585 1438 scribere,
608 1370 639 1421 et
653 1361 684 1420 in
701 1359 796 1420 altero
816 1358 932 1439 (Bacch.
953 1359 1005 1436 78)
1029 1377 1084 1440 pro
1112 1379 1164 1440 epo
1186 1378 1213 1419 e.
1233 1379 1261 1439 g.
1285 1360 1333 1440 pol
1352 1377 1432 1420 uoca-

289 1461 401 1521 bulum
417 1461 623 1542 interponere,
642 1481 704 1541 quo
719 1470 750 1522 et
772 1463 839 1542 ipso
860 1463 960 1524 nescio
976 1463 1048 1544 quid
1062 1462 1245 1524 locutionem
1268 1461 1432 1546 diremptam

290 1562 426 1624 uidimus
447 1562 495 1644 [ci.
515 1583 608 1644 supra
625 1584 655 1644 p.
677 1564 761 1646 131)
787 1563 844 1626 sed
865 1583 936 1625 cum
951 1565 1077 1626 Plautus
1093 1566 1125 1627 in
1140 1566 1188 1626 his
1204 1565 1432 1643 interrogationi-

287 1667 347 1728 bus
363 1686 402 1728 ex
423 1669 483 1728 scio
506 1669 664 1730 enuntiato
686 1669 830 1746 primario
855 1666 1064 1746 pendentibus
1087 1677 1185 1729 certas
1209 1657 1363 1747 leges‘non
1382 1666 1432 1728 ob-

289 1787 432 1830 seruasse
456 1769 609 1850 uideatur,
636 1771 727 1830 etiam
751 1789 768 1830 a
793 1770 959 1830 leuissimis
983 1770 1029 1830 bis
1058 1769 1326 1831 emendationibus
1347 1768 1432 1830 absti-

286 1871 426 1933 nendum
450 1873 517 1932 erit.

852 1975 883 2051 u
1356 2031 1365 2054 .

280 2132 282 2136 .
375 2077 486 2139 Contra
518 2076 572 2138 nbi
602 2076 733 2138 uerbum
764 2077 824 2138 scio
854 2077 1020 2156 genuinam
1051 2087 1082 2138 et
1104 2080 1252 2156 integram
1276 2077 1361 2140 uerbi
1380 2079 1431 2138 uim

289 2180 428 2240 seruauit
450 2189 481 2240 et
503 2190 558 2241 aut
579 2199 649 2240 cum
665 2181 822 2240 enuntiato
846 2180 913 2240 siue
929 2178 1134 2259 praecedente
1156 2182 1224 2241 siue
1241 2180 1432 2260 subsequente

287 2271 437 2360 cohaeret,
478 2292 532 2344 aut
558 2281 710 2343 nesciendi
737 2281 833 2343 uerbo
863 2284 1045 2361 opponitur,
1086 2293 1141 2344 aut
1168 2284 1272 2364 aliquo
1302 2282 1432 2344 uocabulo

288 2393 412 2445 auctum
435 2387 551 2446 maiore
567 2386 598 2446 ui
614 2385 751 2463 effertur,
770 2395 823 2446 aut
846 2387 1112 2465 interrogationem
1135 2385 1345 2466 subsequitur,
1368 2403 1432 2446 mn-

288 2485 461 2548 iunctiuum
498 2489 529 2547 in
567 2490 726 2548 enuntiato
764 2488 946 2550 secundario
986 2490 1127 2568 posuisse
1171 2488 1319 2551 uidentur
1355 2489 1432 2569 prisci

288 2591 468 2669 scriptores;
502 2609 559 2651 nec
582 2600 685 2651 tamen
707 2591 798 2651 certis
827 2591 943 2653 finibus
973 2593 1029 2652 bae
1057 2591 1137 2654 duae
1168 2600 1341 2654 structurae
1367 2589 1433 2652 diri-

289 2702 433 2753 muntur:

288 2800 327 2856 ΡΙ.
354 2801 439 2856 Truc.
466 2800 501 2866 ΙΙ,
531 2802 559 2866 6,
588 2805 624 2857 13
649 2793 730 2875 (313)
762 2803 858 2858 Verum
882 2820 957 2859 nunc
979 2806 1004 2858 si
1027 2820 1083 2876 qua
1098 2805 1138 2858 mi
1154 2803 1285 2876 6111196111
1299 2805 1430 2872 hereditas,

759 2907 863 2977 1116966
886 2916 968 2978 atque
985 2908 1136 2974 luculento,
1163 2923 1237 2962 nunc
1258 2918 1433 2980 postquem

856 3010 925 3074 scio,

759 3110 845 3166 Dulce
860 3118 945 3182 atque
960 3128 1089 3166 amarum
1111 3113 1181 3182 quid
1200 3113 1237 3168 sit
1260 3130 1297 3168 666
1314 3114 1430 3185 pecunia,

759 3213 803 3268 Ita
826 3230 876 3284 epo
899 3214 979 3269 illam
1003 3215 1100 3288 edepol
1120 3232 1230 3270 ceratem
1251 3217 1344 3288 itaque
1363 3231 1434 3288 parce

856 3317 989 3382 6161116111,

763 3419 794 3472 Vt
817 3447 856 3457 -
880 3419 959 3474 nulla
980 3420 1073 3492 faxim
1096 3422 1134 3475 cis
1158 3422 1215 3477 dics
1236 3439 1342 3496 paucos
1362 3424 1416 3477 sict.

288 3503 354 3574 Ter.
375 3519 443 3574 Hec.
467 3521 525 3575 666
548 3511 604 3594 (ΙΙΙ,
628 3511 655 3586 5',
680 3512 727 3592 16)
788 3521 839 3577 1116
854 3522 1002 3577 1661616661
1016 3524 1075 3576 ium
1090 3539 1253 3595 utcmquom,
1279 3533 1434 3589 ettamen,

857 3629 954 3679 utrum
971 3613 1068 3690 malis,
1094 3626 1164 3681 scio.

290 3724 329 3778 Pl.
356 3725 436 3794 Capt.
466 3727 525 3781 ati
555 3717 598 3799 (ΙΙ,
629 3731 656 3792 2,
687 3726 734 3796 ΙΙ)
784 3726 962 3792 Philocratem
988 3728 1032 3782 bic
1054 3727 1131 3799 fecit,
1159 3728 1299 3785 hominem
1321 3731 1394 3803 scopi
1412 3737 1441 3784 ot

855 3830 949 3900 facere
973 3831 1107 3901 oportuit,

360 4060 382 4119 1)
405 4060 462 4109 lem
481 4060 533 4120 Cb,
554 4073 594 4109 em
614 4062 640 4121 Β,
661 4061 733 4111 elem
751 4065 781 4112 Α.

359 4149 381 4208 Ξ)
404 4144 479 4196 Com.
502 4145 529 4195 C.
553 4146 579 4195 F.
600 4145 632 4195 G.
653 4147 764 4196 Mueller
783 4149 967 4213 »nacbtraegeu
985 4163 1044 4214 pag.
1068 4153 1125 4200 111.
