3126 5028
597 1235 657 1304 DE
684 1233 883 1304 PROLOGO
911 1232 1197 1304 MERCATOlllS.

384 1395 427 1490 In
456 1427 587 1507 prologis
617 1428 793 1490 fabularum
815 1430 1025 1491 Plautinarum
1054 1428 1150 1489 multa
1179 1429 1298 1506 inesse,
1332 1444 1411 1505 quae
1437 1423 1471 1485 ad
1549 1449 1550 1478 1

319 1529 477 1590 historiam
505 1548 608 1591 rerum
637 1534 846 1593 scaenicorum
878 1535 1084 1594 Romanarum
1120 1528 1342 1609 explorandam
1370 1547 1472 1607 magno

321 1634 392 1692 usui
416 1634 488 1712 sint,
514 1632 634 1696 dudum
657 1637 812 1714 cognitum
828 1645 885 1697 cst.
920 1637 1026 1714 ltaque
1045 1653 1106 1696 uon
1123 1635 1213 1713 pauci
1231 1633 1290 1692 uiri
1305 1631 1387 1692 docti
1402 1631 1472 1691 alius

320 1734 406 1795 aliud
428 1737 525 1797 secuti
547 1737 680 1817 prologis
702 1757 827 1817 operam
850 1749 1006 1800 uauarunt
1028 1738 1188 1816 multaque
1210 1735 1411 1814 collegerunt,
1438 1753 1474 1793 cx

321 1837 438 1916 quibus
468 1837 605 1924 condicio
627 1859 734 1901 eorum
764 1842 878 1902 clarius
915 1849 1160 1920 cognosceretur.
1209 1839 1350 1916 Plerique
1378 1846 1473 1897 tamen

320 1939 495 2000 satisfacere
518 1941 578 2002 sibi
593 1942 791 2021 uidebantur,
818 1963 889 2004 cum
910 1943 949 2004 de
972 1945 1010 2004 iis
1032 1943 1188 2020 uersibus,
1214 1941 1330 2021 quibus
1352 1939 1393 2000 ad
1407 1957 1476 2000 suas

319 2045 431 2122 cuique
447 2046 643 2122 quaestiones
658 2045 867 2108 absoluendas
890 2065 968 2125 opus
984 2054 1059 2124 erat,
1084 2046 1258 2106 accuratius
1281 2043 1474 2121 dissererent,

321 2146 456 2224 reliquos
478 2156 533 2208 aut
554 2166 661 2209 omnes
684 2149 789 2210 Plauto
811 2150 983 2211 tribuerent
1005 2158 1059 2210 aut
1081 2148 1121 2209 ab
1143 2167 1180 2208 eo
1202 2145 1415 2210 abiudieareut
1428 2153 1478 2205 aut

320 2251 445 2309 omnino
467 2268 528 2310 non
545 2259 698 2312 curarent.
738 2250 823 2312 ldem
845 2254 938 2332 igitur
953 2271 1024 2312 oum
1039 2251 1219 2312 PROlOGO
1234 2247 1479 2312 MERCATOlllS

320 2350 492 2430 occidisset,
512 2353 682 2414 Carolus
704 2353 942 2436 Dziatzko¹),
961 2356 1013 2415 uir
1026 2357 1118 2416 etiam
1134 2354 1210 2414 alias
1226 2352 1266 2414 de
1281 2352 1387 2413 Plauto
1402 2351 1478 2411 hene

320 2456 459 2534 merituS,
485 2474 569 2516 uuus
591 2475 698 2517 ueram
722 2459 805 2518 uiam
829 2459 987 2537 ingressus
1003 2457 1036 2518 id
1052 2458 1122 2536 egit,
1149 2465 1184 2516 ut
1206 2457 1237 2516 in
1254 2454 1394 2534 singulas
1416 2455 1479 2516 eius

320 2567 423 2636 partes
447 2557 555 2619 sedulo
578 2561 749 2638 inquireret
771 2579 873 2639 neque
904 2561 1002 2624 ullum
1026 2579 1153 2621 uersum
1176 2560 1318 2638 spurium
1342 2556 1477 2628 duceret,

320 2662 380 2722 nisi
408 2663 501 2722 certis
528 2662 710 2741 idoneisque
738 2666 840 2724 causis
869 2674 1002 2728 coactus.
1048 2665 1147 2736 Quam
1178 2663 1327 2722 rationem
1357 2662 1416 2722 etsi
1444 2679 1480 2720 ex
1552 2723 1553 2756 ,

320 2765 415 2824 animi
438 2767 589 2825 sententia
612 2766 725 2846 probo,
760 2769 916 2827 tamenin
940 2767 1045 2828 multis
1068 2775 1099 2827 et
1121 2763 1269 2845 grauibus
1292 2763 1388 2826 rebus
1412 2783 1480 2824 eum
1552 2789 1553 2796 ¹

321 2884 430 2926 uerum
453 2869 649 2946 perspexisse
671 2871 860 2948 negauerim.
902 2871 939 2932 Vt
961 2871 1042 2929 enim
1066 2887 1128 2928 uno
1156 2867 1253 2929 uerbo
1275 2866 1378 2928 dicam
1402 2866 1482 2946 quod

321 2970 430 3045 sentio,
457 2988 529 3030 oum
552 2971 710 3049 aliquanto
733 2973 805 3052 plus
828 2991 922 3051 quam
951 2990 1008 3051 par
1036 2979 1101 3031 crat
1123 2971 1228 3032 Plauto
1255 2969 1428 3048 tribuisset,
1454 2978 1483 3028 et

321 3070 458 3132 labulam
474 3082 505 3134 et
520 3074 679 3153 prologum
696 3076 799 3154 ipsum
816 3075 875 3136 sibi
891 3075 1008 3135 creauit
1030 3072 1241 3150 aduersarios;
1268 3092 1306 3133 ex
1330 3073 1379 3132 his
1401 3073 1481 3132 enim

321 3193 430 3236 causas
446 3184 594 3255 repetam,
614 3177 731 3255 quibus
746 3180 813 3240 eius
829 3178 1012 3238 sententiam
1037 3175 1184 3236 refellam.
1222 3174 1285 3236 Sed
1300 3177 1483 3253 priusquam

322 3276 439 3338 adrem
452 3281 551 3359 ipsam
563 3279 718 3359 accedam,
734 3279 872 3342 breuiter
886 3298 993 3340 eorum
1009 3279 1177 3342 sententias
1190 3278 1381 3356 perlustrare
1393 3277 1480 3355 libet,

321 3381 374 3459 qui
397 3391 468 3441 ante
491 3401 547 3444 uos
570 3384 642 3444 huic
663 3383 785 3463 prologo
808 3400 933 3462 operam
955 3391 1121 3444 nauarunt.

409 3484 537 3566 Primus,
563 3487 651 3547 utin
675 3495 719 3547 tot
733 3486 801 3546 aliis
817 3484 922 3563 rebus,
948 3485 1179 3546 Fridericus
1202 3483 1481 3564 Bitschelius2)

322 3589 347 3647 si
371 3606 432 3647 non
454 3607 566 3649 uerum
588 3591 748 3668 perspexit
775 3598 879 3649 tamen
911 3588 1022 3648 lalsum
1051 3587 1193 3665 cognouit
1215 3584 1395 3665 prologique
1417 3585 1485 3646 lor-

322 3710 414 3769 mam,
440 3693 542 3771 qualis
564 3691 605 3752 ad
621 3701 758 3752 nostram
774 3699 905 3752 aetatem
921 3692 1110 3769 peruenerit,
1136 3691 1266 3768 septimo
1282 3697 1354 3767 post
1374 3688 1486 3748 urbem

323 3793 478 3855 conditam
500 3795 622 3856 saeculo
646 3794 753 3855 deberi
775 3793 943 3872 contendit,
970 3794 1041 3872 quia
1060 3792 1164 3870 ,llaoci
1180 3793 1250 3852 'liti‘
1267 3809 1380 3852 nomen
1397 3811 1449 3852 us,
1470 3793 1486 3850 6

392 4019 415 4079 4)
436 4018 504 4068 llus.
525 4016 636 4066 rhenan.
659 4019 734 4066 tstt.
756 4017 839 4066 xxvi
858 4031 883 4080 p.
905 4019 951 4064 424
974 4030 1014 4080 sq.

391 4105 415 4164 2)
437 4105 540 4164 Parerg.
563 4103 646 4151 Plaut.
666 4102 771 4152 Terent.
793 4105 812 4152 l.
833 4117 860 4166 p.
875 4107 934 4151 2³³.
950 4101 1038 4165 sqrcl.
1054 4117 1078 4166 p.
1096 4105 1143 4155 46;
1164 4101 1194 4149 Τ.
1214 4100 1297 4149 Macci
1316 4100 1404 4150 Plauti
1417 4104 1489 4152 Mer-

323 4193 397 4238 cator
415 4203 446 4237 ex
467 4202 519 4237 rec.
542 4189 581 4237 Fr.
604 4188 741 4237 llitschelii
764 4190 848 4250 (4854)
869 4202 895 4251 p.
918 4188 961 4236 tx.
