3126 5028
333 369 392 429 120
754 369 908 428 Enmnnvs
932 369 1060 428 Bucurn.

329 541 561 620 grammaticam
592 548 719 618 propter
747 539 828 600 hanc
857 537 1026 617 praedicati
1058 538 1272 599 condicionem
1305 536 1479 599 indicatiuns

329 643 450 722 positus
472 643 522 703 sit.
1321 639 1326 644 ⁵

415 744 552 824 Apparet
587 753 691 806 autern
729 744 762 803 in
800 751 884 803 tanta
923 743 1135 822 exemplorum
1171 742 1373 805 multitudine
1404 743 1478 805 lacile

330 846 479 908 nonnulla
509 849 601 908 etiam
630 865 720 923 eum,
754 847 807 924 qni
840 853 957 906 attente
979 846 1099 924 priscos
1122 847 1290 926 scriptores
1312 847 1474 925 perlegerit,

330 950 465 1010 inuitum
488 950 624 1029 effingere
646 967 756 1029 posse;
790 966 880 1026 spero
901 957 1007 1008 tamen
1030 966 1092 1007 non
1116 948 1231 1009 multos
1255 949 1339 1010 locos
1360 949 1400 1009 ab
1421 950 1478 1011 aliis

331 1055 495 1114 inuentum
519 1053 574 1130 iri,
607 1051 789 1131 quioculos
811 1069 897 1112 meos
920 1048 1096 1112 fefellerint.
1145 1052 1227 1112 Sanc
1250 1051 1419 1112 tenendum
1440 1063 1480 1113 est

331 1154 369 1217 de
392 1155 440 1215 his
464 1173 589 1235 quoque
611 1154 686 1215 locis
708 1154 814 1228 ualere
838 1152 922 1233 quod
945 1152 1017 1213 olim
1041 1153 1149 1214 Cicero
1172 1151 1266 1214 dixit:
1296 1152 1427 1214 ’difficile
1441 1165 1479 1216 est

330 1277 391 1320 non
414 1257 560 1336 aliquem,
587 1255 675 1317 nefas
697 1274 887 1336 quemquam
910 1256 1105 1334 praeterire‘

416 1356 518 1439 Atque
552 1370 588 1422 ut
620 1359 660 1420 de
693 1361 794 1440 prima
827 1377 938 1437 cause,
976 1375 1038 1438 que
1055 1357 1259 1420 *indicetiuus
1289 1359 1415 1422 effectus
1436 1362 1475 1438 sit,

331 1465 430 1543 primo
468 1462 534 1524 loco
574 1462 782 1539 disseramus,
828 1469 949 1522 constet
987 1460 1202 1540 antiquissima
1243 1463 1478 1543 uniuscuiusque

331 1567 453 1646 linguae
476 1575 576 1627 aetate
600 1566 641 1626 ita
663 1566 744 1626 inter
765 1583 799 1626 se
822 1565 939 1625 conecti
963 1563 1102 1644 singulas
1126 1567 1315 1643 sententias,
1352 1574 1386 1626 ut
1405 1565 1478 1627 aliud
1539 1573 1540 1584 ¹

331 1670 524 1730 enuntiatum
558 1669 643 1728 iuxta
677 1666 764 1728 aliud
796 1674 930 1747 ponatur
962 1668 1129 1745 omniaque
1163 1670 1323 1729 enuntiata
1353 1668 1477 1729 eiusdem
1539 1647 1540 1656 ἵ

329 1771 486 1852 dignitatis
517 1789 586 1830 esse
614 1769 797 1830 uideantur:
831 1769 979 1848 paulatim
1003 1768 1141 1847 demum,
1174 1768 1230 1830 ubi
1254 1767 1360 1850 lingua
1383 1772 1479 1832 litteris

330 1874 371 1936 ad
394 1875 567 1936 seueriores
596 1871 745 1952 loquendi
775 1871 909 1933 rationes
932 1874 1106 1954 promoueri
1135 1882 1240 1952 coepte
1272 1882 1321 1934 est
1343 1883 1373 1936 et
1393 1874 1478 1934 intel-

330 1978 474 2038 lexerunt
510 1975 650 2036 homines
678 1993 781 2054 neque
811 1975 895 2053 paris
924 1977 1026 2037 omnia
1057 1976 1217 2038 enuntiata
1247 1979 1394 2038 momenti
1420 1995 1478 2038 esse

331 2099 389 2142 nec
416 2098 514 2159 aeque
543 2076 598 2140 scd
629 2078 725 2156 magis
753 2078 898 2140 minusue
925 2087 991 2139 arte
1021 2080 1103 2140 inter
1124 2097 1158 2140 se
1181 2079 1364 2159 cohaerere,
1394 2079 1478 2141 altera

332 2201 455 2262 quoque
485 2184 518 2242 in
547 2179 744 2242 annectendis
766 2181 927 2242 sententiis
949 2181 1098 2242 eualescit
1120 2182 1212 2260 ratio,
1246 2200 1307 2261 qua
1331 2182 1480 2244 1111111-

331 2287 456 2364 tiatum,
490 2282 574 2362 quod
597 2283 723 2344 minoris
745 2283 892 2345 momenti
915 2293 979 2362 est,
1005 2285 1164 2346 enuntiato
1186 2285 1332 2364 primario
1355 2285 1480 2348 subiun-

330 2388 420 2468 gitur,
461 2389 567 2466 ltaque
589 2395 832 2447 cousentaneum
855 2396 901 2448 est
922 2387 954 2447 in
977 2385 1204 2465 antiquioribus
1226 2387 1397 2450 litterarum
1419 2408 1480 2449 mo-

332 2491 489 2552 numentis
527 2489 660 2568 priorem
699 2488 781 2551 illam
819 2487 1006 2569 adiungendi
1042 2491 1191 2551 rationem
1225 2491 1365 2553 nondum
1398 2492 1479 2573 plane

332 2594 498 2655 euanuisse
521 2589 552 2654 et
574 2593 606 2653 in
629 2591 780 2654 eiusmodi
802 2593 963 2654 sententiis
986 2593 1112 2673 saepius
1134 2595 1279 2673 inueniri,
1305 2594 1361 2656 ubi
1382 2606 1479 2674 poste-

333 2698 427 2757 riores
464 2696 628 2778 scriptores
664 2695 760 2756 altera
793 2693 896 2774 potius
929 2695 1139 2776 subiungendi
1172 2699 1290 2758 ratione
1328 2700 1377 2759 usi
1414 2699 1476 2759 sint.

330 2796 449 2878 Atque,
475 2808 510 2861 ut
531 2818 588 2880 per
610 2808 676 2876 est,
702 2799 733 2858 in
757 2799 801 2858 eis
824 2799 1019 2878 potissimum
1042 2802 1205 2862 sententiis
1227 2800 1346 2863 diutius
1368 2811 1478 2862 seruata

331 2911 379 2964 est
407 2901 483 2962 haec
511 2911 664 2964 structura
687 2902 888 2980 paratactica,
919 2919 999 2980 quae
1022 2922 1078 2965 sue
1101 2913 1211 2965 nature
1234 2902 1275 2964 ad
1296 2904 1479 2966 retinendam

332 3023 400 3066 earn
429 3006 606 3084 aptissimae
636 3013 725 3081 sunt,
763 3005 1100 3085 interrogationes
1130 3005 1214 3085 dico,
1251 3024 1330 3085 quas
1352 3008 1480 3084 inprimis

332 3117 525 3184 comparatas
547 3126 617 3170 esse
639 3107 679 3169 ed
693 3106 886 3168 retinendam
903 3117 1090 3170 structuram
1106 3111 1323 3190 paratecticam
1339 3121 1370 3172 et
1383 3125 1479 3191 graeca

333 3218 364 3269 et
386 3212 559 3288 germanica
580 3210 684 3290 lingna
708 3211 781 3272 satis
804 3212 1013 3273 confirmetur.

729 3685 876 3768 clrvr
902 3687 1098 3772 Puluvu.

417 4033 594 4094 Diutissime
623 4043 746 4095 seruata
773 4042 821 4095 est
849 4044 1002 4096 structura
1030 4036 1214 4113 peratectica
1245 4037 1277 4096 in
1297 4055 1334 4096 ea
1357 4038 1479 4098 interro-

332 4135 488 4216 gationum
512 4135 613 4214 classi,
640 4154 720 4214 quae
742 4155 932 4216 quamquem
955 4155 1026 4201 cum
1048 4137 1143 4200 altero
1165 4141 1324 4201 enuntiato
1346 4139 1478 4222 primario
