3116 5020
315 453 358 512 Dr
382 453 509 514 Srurixi
531 423 812 516 luruurroulrlum
834 455 1036 527 Ouirovrurir.
1198 456 1261 516 2⁷5

95 628 222 700 propter
250 641 398 684 numeros
427 624 641 704 corrigendum
678 643 747 686 esse
779 634 886 686 censet
914 635 967 688 eut
995 626 1052 704 sie:
1091 625 1180 688 Viden
1214 633 1257 704 lu,

96 730 130 784 ul
152 730 180 784 te
202 725 343 788 scelestus
364 728 489 808 captur?
518 729 563 802 (ut
576 729 655 790 llen.
676 727 748 808 646)
775 736 830 787 eut
844 728 904 788 sie:
937 727 1037 806 Video,
1064 736 1090 790 le
1105 735 1138 790 ul
1159 745 1262 790 oucu-

95 833 150 905 ραι
176 826 332 890 scelestus.
372 827 434 890 Sed
456 848 526 891 curu
550 830 639 891 homo
662 831 746 909 ipse,
770 828 809 890 de
836 848 897 910 quo
927 831 1021 892 uerba
1045 831 1139 910 flunt,
1166 830 1261 892 oeulis

38 949 39 952 ¹
97 928 223 990 obuiam
254 931 310 1009 sil,
342 929 461 1003 leoffius
489 933 530 992 ite
560 933 699 994 numeris
728 949 957 1010 suouurremm,
989 943 1024 994 ul
1049 951 1119 994 eum
1141 931 1261 994 Stude·-

97 1030 216 1092 mundo
239 1034 430 1095 scribamus:

233 1134 322 1198 Video
345 1135 509 1215 scelestum,
535 1145 568 1198 ul
598 1138 793 1216 aucupatur?
828 1139 900 1198 Siue
922 1157 968 1199 rue
989 1145 1022 1200 ul
1045 1140 1143 1218 occepi
1168 1139 1257 1220 loqui.

686 1238 768 1299 euni.
794 1239 856 1300 Mil.
884 1239 976 1301 4045.

186 1341 220 1401 ln
251 1342 342 1402 unico
370 1339 529 1420 exemplo,
563 1339 648 1419 quod
676 1339 858 1403 contradicit
885 1344 957 1404 huie
978 1343 1112 1422 regulae,
1145 1360 1205 1421 que
1230 1343 1262 1402 in

99 1442 252 1504 eiusmodi
275 1444 444 1505 enuntiatis
466 1441 652 1506 indicetiuus
675 1443 844 1524 flagitetur:

100 1552 140 1606 Pl.
166 1553 244 1607 Men.
273 1555 332 1608 646
362 1544 433 1626 (1111,
461 1551 490 1620 l,
520 1549 570 1622 88)
596 1550 696 1619 Viden,
722 1558 755 1607 ut
777 1541 836 1633 (te)
857 1552 985 1608 scelestus
1007 1551 1120 1622 capiuli

103 1648 225 1730 [Vident
245 1657 280 1710 ul
301 1649 404 1724 BeCD,
444 1647 533 1710 Video
554 1655 589 1709 ul
611 1647 667 1728 Bb,
704 1647 795 1710 Video
816 1657 849 1710 ut
870 1644 931 1734 (te)
953 1649 1137 1726 Lambinus,
1174 1647 1264 1710 Video

98 1754 146 1812 uli
168 1751 376 1828 Camerarius,
406 1746 497 1812 Video
513 1743 578 1835 4<η>
600 1757 635 1812 ul
657 1749 819 1830 Gruterus,
849 1752 941 1812 Video
957 1745 1021 1837 l(u>
1044 1759 1078 1812 ul
1099 1745 1159 1835 (te)
1175 1751 1208 1813 C.
1228 1750 1260 1810 F.

99 1855 136 1916 G.
163 1854 292 1915 Mueller
322 1851 430 1932 (plaut.
463 1855 546 1930 pros.
580 1871 613 1932 p.
641 1853 727 1931 450),
762 1855 854 1915 Viden
884 1854 932 1916 led
960 1862 995 1916 ut
1022 1853 1139 1914 Ritsohl
1173 1851 1260 1933 (ooul.

99 1976 204 2017 »neue
233 1957 363 2034 plautiu.
396 1973 548 2016 excurse«
575 1973 607 2033 p.
634 1956 672 2015 43
701 1965 731 2016 et
760 1955 973 2036 Vnrplenbeeh
1004 1955 1121 2016 »meleu
1147 1955 1263 2034 planu«

98 2078 129 2138 p.
158 2057 226 2139 34)]
253 2058 355 2138 'capior
376 2058 607 2120 coniunctiuurn
637 2058 669 2117 iu
697 2041 785 2118 libris
814 2077 911 2138 praue
934 2065 1093 2118 exoratum
1116 2075 1185 2118 esse
1207 2075 1263 2136 pro

99 2169 205 2242 coptul
228 2158 396 2221 indioaoiuo
417 2161 476 2222 iem
491 2143 695 2220 ¹Camerarius
717 2161 885 2240 perspexit.

187 2263 223 2323 ln
245 2261 370 2323 duobus
393 2262 544 2342 exemplis
566 2261 657 2323 uideo
679 2269 713 2324 ul
735 2270 888 2326 structura
907 2264 1089 2325 oouieeturis
1111 2261 1258 2324 debetur:

148 2366 175 2448 l)
203 2371 290 2426 True.
316 2369 378 2437 llll,
406 2373 435 2439 4,
463 2374 500 2425 38
529 2367 614 2442 (879)
640 2370 730 2427 Viden
759 2387 884 2444 eumpse,
914 2371 991 2426 odire
1018 2377 1051 2426 ut
1080 2371 1195 2440 coepit?
1229 2370 1267 2426 od

686 2489 729 2528 me
750 2481 826 2530 reolo
847 2491 876 2530 ee
898 2481 980 2529 leuet.

102 2571 196 2633 Video
220 2587 340 2650 eumpse
356 2567 506 2648 Spengel;
538 2565 673 2650 (hausoio
696 2588 737 2630 an
760 2570 869 2632 melius
893 2570 1152 2650 interpunxissel:
1176 2567 1265 2629 Video

98 2692 223 2754 eumpse
247 2671 354 2733 odr're‘l
376 2677 410 2732 ut
431 2671 535 2752 coepit,
562 2669 603 2732 od
625 2690 671 2733 me
693 2680 777 2734 reeta
798 2691 829 2734 se
853 2670 951 2753 leuet.)
994 2672 1120 2734 Siueuru
1142 2672 1205 2752 ipse
1228 2672 1261 2748 B,

101 2777 159 2838 Siu
182 2793 253 2840 eum
274 2775 337 2854 ipse
356 2773 423 2851 cu;
457 2791 538 2854 quae
560 2773 657 2834 uerba
680 2793 718 2835 ex
741 2775 880 2854 proximo
902 2792 997 2836 uersu
1020 2774 1091 2834 Siue
1113 2792 1181 2835 euru
1203 2774 1266 2853 ipse

100 2877 190 2941 odire
213 2877 273 2938 duc
295 2885 352 2937 elo.
378 2893 475 2955 praue
499 2877 625 2953 repetita
648 2894 717 2937 esse
740 2877 807 2937 ueri
829 2895 890 2936 nou
913 2875 1063 2938 dissimile
1086 2884 1144 2936 est.
1181 2874 1264 2934 Kooh

100 2983 134 3042 iu
157 2978 265 3040 annul.
290 2971 403 3060 philol(
426 2959 604 3040 48780414.
631 2997 661 3058 p.
689 2979 752 3038 368
774 2979 929 3058 proponit:

235 3083 287 3144 Sic
308 3082 372 3144 siue
394 3084 514 3162 eumpse
537 3079 623 3142 odire
643 3088 677 3142 ut
698 3082 793 3162 coepit
814 3081 855 3142 od
876 3099 923 3142 ure
944 3087 1029 3142 recta
1050 3079 1165 3142 semila.

101 3188 250 3250 Celerum
273 3183 323 3244 hie
345 3201 457 3245 uersus
479 3181 618 3244 nondum
641 3193 825 3262 personatus
848 3201 916 3244 esse
938 3182 1073 3244 uidetur.

148 3293 176 3366 2)
203 3293 287 3348 Most.
316 3294 374 3350 838
400 3291 457 3360 llll,
486 3294 515 3359 2,
545 3287 613 3362 447)
640 3291 731 3346 Viden
749 3291 865 3363 piorum,
888 3295 921 3344 ut
936 3269 1063 3345 ludificet
1085 3305 1144 3344 uuo
1167 3289 1268 3344 cornio>

304 3399 307 3406 ’
688 3394 827 3450 uolturios
849 3391 942 3448 duos?

657 3487 670 3572 ΙΙ
686 3495 749 3554 Nou
779 3495 876 3568 edepol
897 3495 990 3552 uideo.
1009 3485 1022 3571 Ι)
1038 3494 1072 3548 Ar
1093 3509 1143 3564 epo
1166 3491 1265 3549 uideo:

689 3613 755 3652 uom
776 3599 848 3654 iuter
869 3597 1006 3655 uolturios
1029 3596 1099 3652 duos
1108 3589 1128 3672 1)

642 3698 749 3756 Οοηηίω
764 3706 857 3756 uror:
882 3715 915 3754 eo
930 3699 1068 3756 uolturios
1090 3697 1160 3753 duos
1181 3689 1268 3752 uieiess

690 3803 742 3858 sim
764 3801 887 3858 uelliout.

103 3905 199 3968 Videu
219 3903 332 3983 pictum
355 3907 390 3961 ul
412 3897 537 3975 uuschl,
568 3896 659 3960 Video
679 3900 794 3978 pictum
813 3897 868 3960 ubi
881 3897 1053 3978 ludificatur
1075 3899 1187 3958 coruiae
1205 3915 1269 3958 uuo

138 4145 162 4204 4)
185 4141 230 4190 Sic
248 4137 415 4190 Sl-udemuud
437 4137 575 4201 (lestgrusz
592 4151 618 4202 p.
640 4139 682 4199 7³,
710 4136 877 4198 Wuerzburg
896 4136 972 4197 4888)
998 4135 1070 4185 huuc
1088 4149 1199 4186 uersum
1218 4149 1268 4200 ope

99 4226 276 4278 Ambrosioni
295 4225 418 4274 restituit.

1046 4323 1100 4372 lS*
