3116 5020
306 459 369 521 276
732 458 887 519 Envrnnvs
911 457 1035 518 liscum.

303 629 450 691 uolturios
500 629 574 692 dnos
624 630 706 707 BCD,
765 621 1450 690 UIDENPIGTUMUBILUDIFICATURUNA

307 727 789 794 ooanrxootwarosouos
809 729 834 792 Α
851 742 928 793 teste
943 726 1165 793 studemundo.
1192 732 1307 790 Lorcnz
1324 727 1446 804 scripsit:

308 836 385 911 Vide,
423 836 476 897 ndi
508 836 682 916 ludificatur
709 855 772 896 nna
806 836 917 898 aornim
944 833 1088 896 uolturios
1118 833 1203 908 duos,
1236 829 1292 892 sed
1314 830 1450 890 obiectum

304 936 344 998 ad
365 938 433 1000 nido
455 947 580 1019 propter
602 946 784 1018 sequentem
807 938 860 998 ubi
873 956 981 998 uocem
997 936 1078 998 male
1100 934 1306 998 desuleratur.
1346 931 1451 994 Stude-

305 1039 404 1101 muud
426 1040 445 1100 l.
472 1042 493 1101 l.
521 1060 647 1102 uersum
671 1051 753 1102 recte
776 1041 928 1102 restituit:

437 1142 527 1205 Viden
548 1145 671 1224 pictum,
698 1141 751 1203 tibi
773 1143 910 1223 ludificat
931 1142 995 1204 tina
1017 1143 1129 1203 adraim
1150 1135 1406 1200 cotrarietatem?

342 1303 348 1314 ,
391 1244 421 1327 b)
448 1245 574 1306 alterius
597 1244 784 1306 condicionis
807 1246 949 1326 exempla
973 1245 1047 1305 haec
1069 1253 1155 1306 sunt:

304 1352 343 1406 Pl.
370 1353 449 1408 Trin.
478 1357 536 1409 8l7
567 1349 636 1430 (llll,
665 1359 693 1420 2,
722 1347 748 1427 6)
777 1353 882 1422 Viden,
921 1361 1028 1425 egestas
1057 1349 1127 1424 quid
1157 1352 1253 1422 nepoti
1281 1349 1329 1404 dat
1357 1347 1449 1402 domiai
1536 1343 1537 1360 ²

885 1445 988 1514 misero
1008 1454 1100 1511 moli?

368 1557 445 1613 Asin.
475 1562 534 1614 636
564 1559 621 1628 (ill,
651 1564 678 1628 3,
708 1558 756 1631 ld)
777 1559 899 1629 videtin,
917 1560 1020 1632 uiginti
1031 1560 1123 1614 minoe
1138 1557 1208 1628 quid
1224 1556 1341 1626 pollent,
1356 1552 1448 1623 quidue

911 1663 1031 1719 ossuntl

305 1764 372 1817 Ter.
391 1765 465 1819 Eun.
486 1769 545 1819 265
567 1761 611 1840 (ll,
640 1771 668 1834 2,
697 1761 746 1842 36)
773 1767 874 1833 Viden,
891 1681 1198 1833 1‹Itt'omctoibnaquid
1223 1755 1317 1834 iacit¹)
1338 1755 1448 1814 adonin?

305 1866 345 1921 Pl.
372 1865 460 1922 Stich.
483 1871 543 1923 636
565 1869 633 1938 (llll,
656 1872 684 1936 2,
706 1869 755 1941 52)
784 1864 921 1946 uiden2),
954 1875 987 1923 ut
1015 1871 1158 1923 annonast
1179 1864 1298 1935 monn?
1329 1853 1443 1934 vident),
1537 1935 1538 1938 Ἴ

889 1971 1071 2042 benignitates
1107 1970 1250 2024 lominum
1284 1971 1315 2019 ut
1349 1963 1444 2033 periere

888 2081 915 2130 et
933 2072 1134 2146 protliymiac?

393 2171 422 2252 3)
450 2171 645 2250 iuterrogatio
668 2172 785 2252 pendet
806 2191 845 2233 ex
868 2175 932 2234 scin
954 2171 1114 2232 enuntiato
1135 2167 1295 2248 primario:

391 2275 424 2332 ln
455 2273 502 2333 his
533 2292 656 2353 quoque
686 2275 837 2354 exentplis
865 2275 983 2355 priscos
1012 2274 1177 2354 scriptores
1204 2268 1399 2330 indicatiuum
1420 2265 1443 2324 in

305 2375 464 2436 enuntiato
487 2376 670 2438 secundario
693 2388 758 2438 tum
781 2379 924 2458 posuisse
946 2387 1089 2457 apparet,
1124 2375 1177 2436 ubi
1200 2375 1265 2435 scin
1287 2389 1347 2432 uon
1368 2386 1444 2429 uerae

304 2477 550 2557 interrogationis
562 2479 616 2540 sed
633 2479 854 2542 adhortationis
870 2499 999 2541 munere
1009 2477 1158 2558 iungitur,
1174 2495 1234 2556 qua
1248 2475 1366 2536 animus
1377 2473 1442 2546 eius,

303 2581 357 2657 qui
381 2581 594 2661 interrogatur,
620 2581 660 2642 ad
683 2592 863 2662 sequentem
880 2582 1147 2662 interrogationem
1163 2579 1351 2640 adnectatur.
1382 2575 1446 2634 Nam

304 2681 520 2762 interrogantis
543 2684 617 2744 niltil
648 2685 812 2765 interesse,
849 2697 952 2748 utrum
976 2687 1018 2765 is,
1051 2686 1105 2764 qui
1136 2685 1354 2760 interrogatur,
1383 2677 1449 2738 sciat

304 2803 418 2864 neone,
450 2786 527 2865 quid
550 2787 803 2866 respondendum
825 2791 884 2868 sit,
918 2788 990 2850 inde
1013 2789 1129 2865 elucet,
1163 2783 1248 2865 quod
1270 2783 1333 2844 lere
1354 2797 1449 2841 omnes

304 2888 558 2967 interrogationes
581 2891 623 2952 ita
644 2900 838 2972 comparatae
860 2902 943 2972 sunt,
970 2900 1005 2952 ut
1019 2899 1167 2971 appareat
1187 2907 1260 2950 eum
1282 2887 1336 2966 qui
1358 2885 1451 2944 inter-

305 3000 389 3068 rogat
410 3009 470 3051 non
494 2991 648 3073 dubitare,
674 2997 751 3074 quin
767 2996 845 3055 alter
859 2995 1063 3073 interrogatus
1081 2993 1208 3070 nesciat,
1235 2987 1312 3069 quid
1331 3004 1454 3067 respon-

303 3091 385 3153 deat.
426 3095 532 3173 ltaque
556 3097 586 3154 in
610 3097 757 3160 omnibus
773 3098 821 3160 his
836 3097 986 3176 exemplis
1001 3097 1038 3173 is,
1064 3096 1117 3175 qui
1134 3096 1311 3172 interrogat,
1329 3107 1454 3169 respon-

303 3213 373 3254 sum
402 3197 523 3257 nullum
546 3209 705 3278 expectat,
736 3202 830 3260 immo
852 3203 894 3261 ita
916 3200 1099 3277 interrogat,
1131 3205 1166 3258 ut
1188 3198 1254 3276 ipse
1278 3191 1457 3274 respondere

302 3299 421 3376 cupiat:
455 3299 557 3378 Atque
587 3321 657 3363 curn
682 3304 738 3366 hoc
759 3306 823 3364 scin
845 3302 1015 3382 uocabulo,
1040 3300 1124 3380 quod
1146 3300 1280 3378 genuina
1303 3295 1457 3374 significa-

303 3401 385 3460 tione
401 3400 557 3465 debilitata
583 3424 675 3465 uerae
697 3406 940 3485 interrogationis
963 3406 1028 3466 uim
1047 3404 1159 3482 amisit,
1180 3395 1370 3484 ἓγκλιτικῶς
1384 3417 1459 3460 oon-

303 3504 441 3583 iungitur
469 3525 637 3586 pronomen
667 3509 750 3588 quod
776 3509 914 3588 proxime
937 3507 1079 3586 sequitur
1100 3505 1365 3586 iuterrogatiuum,
1393 3504 1411 3562 i.
1430 3522 1454 3562 e.

302 3607 366 3668 scin
396 3608 469 3688 qnid
490 3618 543 3670 elo.
569 3611 739 3672 locutiones
769 3612 862 3671 simili
887 3609 976 3671 modo
991 3619 1085 3688 atque
1098 3610 1196 3670 nescio
1212 3608 1296 3689 qnid,
1317 3609 1377 3667 scio
1392 3605 1459 3686 qnid

303 3709 333 3766 in
350 3728 443 3770 unam
460 3715 548 3789 quasi
568 3731 676 3774 uocem
700 3715 740 3775 ita
763 3724 884 3792 coeunt,
912 3722 946 3774 ut
967 3732 1023 3792 pro
1046 3711 1163 3792 aliquid
1184 3720 1238 3772 etr.
1266 3709 1457 3790 pronomini-

303 3810 363 3871 bus
395 3801 564 3876 indefinitis
588 3826 668 3876 stare
701 3816 876 3878 uideantur.
917 3816 1018 3894 Atque
1042 3816 1098 3876 hac
1113 3816 1180 3892 ipsa
1204 3832 1247 3891 re,
1274 3823 1310 3874 ut
1330 3831 1386 3893 par·
1401 3822 1454 3886 est,

301 3967 508 3977 ——-—.-—

371 4057 395 4116 t)
416 4056 530 4107 molar
547 4059 575 4116 t,
595 4057 656 4118 facil
675 4059 779 4122 reliqui.

370 4143 394 4202 2)
415 4145 492 4192 niden
512 4142 674 4203 Fleckeisen,
694 4146 767 4195 nidos
785 4145 878 4194 lecu.

372 4231 394 4291 3)
422 4232 496 4280 Viden
516 4233 546 4290 t,
566 4232 637 4280 uides
657 4231 759 4294 reliqui.
