3116 5020
302 424 344 484 Du
368 425 496 486 Suurixr
520 425 798 488 lunanuoeiriouvu
822 427 1021 498 Oenomaus.
1185 427 1246 490 233

88 597 265 654 Temfleaut.
282 593 414 675 578(777,
437 605 462 666 7,
485 601 552 673 787)
572 601 593 656 Α
616 619 658 658 me
681 605 777 660 nescio
800 605 865 674 quis
888 605 954 659 exit.

87 700 123 754 Pl.
151 703 239 757 Mero.
268 706 327 785 377
356 696 401 778 (77,
430 709 457 772 3,
488 697 537 780 78)
575 706 672 761 Varum
694 707 725 760 in
745 713 861 780 portum
884 707 937 763 buc
960 715 990 763 ut
1012 725 1074 764 sum
1097 709 1241 778 aduectos,

653 809 751 865 nescio
774 809 824 880 qui
847 813 957 866 animus
979 812 1048 867 mibi
1069 811 1156 868 dolet.

149 909 213 964 Ces.
240 909 288 974 111,
316 913 345 977 3,
376 913 410 966 78
440 907 523 981 (777)
577 911 677 967 Verum
693 912 737 967 bio
752 913 858 970 sodalis
879 921 952 983 tuus,
980 917 1085 971 amicus
1106 923 1245 988 optumus,

577 1015 678 1071 Nescio
697 1016 771 1085 ¹quid
794 1008 823 1072 s'e
845 1015 973 1074 suillauit
995 1019 1083 1076 umori
1102 1033 1179 1074 suae.

135 1115 238 1196 *llere
267 1117 326 1171 758
356 1113 400 1186 (77,
432 1121 458 1185 7.,
487 1109 537 1192 37)
573 1115 944 1175 Gontobitomstillocmibi
959 1121 1055 1178 nescio
1079 1122 1243 1192 quiuisera.

148 1217 237 1272 uero.
267 1221 325 1275 eas
355 1216 399 1288 (ιι,
429 1223 457 1287 s,
486 1213 534 1294 3ο)
570 1218 714 1276 situatae
750 1221 820 1277 mene
854 1224 951 1278 nescio
988 1239 1045 1294 qua
1082 1211 1148 1303 (oe)
1182 1212 1243 1294 ru)

652 1323 778 1380 uidetur.

157 1421 242 1492 (llud.
272 1427 331 1480 560
361 1417 405 1499 (ΙΙ,
432 1428 462 1490 7,
490 1418 518 1502 7)
578 1426 682 1481 Hicin
704 1425 771 1498 sono
798 1428 907 1484 Veneris
936 1431 1047 1499 sionem
1067 1428 1161 1500 flentes
1184 1445 1248 1483 om·

652 1529 755 1602 plenae
777 1537 877 1597 tenent,

551 1703 554 1711 Ι
578 1632 680 1687 Nescio
703 1648 790 1702 quern
812 1639 959 1689 metuentes
982 1626 1122 1708 miserae.)

147 1733 233 1788 Most.
264 1735 323 1788 760
353 1725 411 1809 (777,
439 1737 466 1802 7,
496 1729 545 1811 73)
576 1735 650 1791 Nom
671 1733 725 1790 sibi
748 1735 908 1792 teudonisse
938 1735 1021 1792 bosca
1049 1736 1087 1790 ait
1109 1735 1248 1792 orobiteo-

561 1859 563 1866 ’
655 1846 748 1894 tonem

576 1943 678 1998 Nescio
701 1957 804 2012 quem,
837 1958 893 1997 esse
923 1941 1083 2012 aedificatus
1107 1941 1157 1996 bos
1180 1958 1248 1998 sone

652 2037 754 2120 bened]

146 2145 234 2215 Epid.
260 2146 296 2213 ll,
325 2151 353 2214 7,
381 2149 396 2199 7
427 2145 509 2218 (783)
573 2149 645 2204 Nom
668 2146 718 2219 e'po
741 2148 821 2204 illem
850 2144 949 2203 audiui
977 2149 1008 2202 in
1035 2147 1157 2204 ombrem
1180 2148 1249 2203 boe-

653 2249 715 2308 re're
738 2251 815 2324 dpud
837 2247 934 2306 nescio
957 2265 1044 2321 quem
1065 2251 1222 2324 fidicinam.

149 2353 227 2407 Meu.
260 2357 336 2409 77787
366 2346 409 2428 (V,
438 2357 467 2422 7,
497 2348 544 2430 73)
580 2355 666 2410 Erum
702 2370 793 2409 merim
829 2354 1030 2425 indipnissumc
1066 2355 1163 2410 nescio
1201 2355 1250 2424 qui

651 2457 796 2514 sublimem
818 2456 924 2512 ierunt.

144 2559 234 2628 Epid.
261 2560 322 2626 llll,
353 2563 380 2627 7,
403 2565 434 2616 77
461 2552 544 2634 (573)
576 2561 689 2617 Noscito
721 2576 769 2630 epo
801 2559 890 2628 bone,
927 2577 994 2616 nom
1022 2560 1124 2616 uideor
1152 2561 1248 2615 neseio

655 2656 735 2739 ubi3)
763 2663 867 2718 uidisse
889 2679 932 2718 me
950 2666 1042 2736 prins.

142 2766 253 2822 Pseud.
284 2769 343 2821 693
374 2759 419 2842 (77,
448 2771 476 2834 3,
504 2761 554 2842 77)
576 2767 654 2822 ducit
676 2767 773 2823 nescio
796 2782 885 2837 quem
907 2782 999 2822 secum
1021 2767 1142 2822 semul.¹

144 2870 229 2924 Pers.
258 2870 316 2926 777
347 2868 390 2940 (77,
421 2875 449 2937 7,
480 2860 528 2944 73)
578 2867 671 2924 Habes
695 2871 791 2926 nescio
815 2869 894 2940 quid.

142 2969 253 3026 Pseud.
283 2974 340 3027 788
369 2970 401 3041 (7,
431 2973 458 3038 7,
489 2964 536 3047 78)
563 2972 801 3028 Verumisneseio
816 2961 1243 3044 quopocto'praeseusitprios.

147 3191 173 3252 7)
199 3201 252 3251 ouo
269 3184 315 3255 <dcl
333 3202 362 3238 ro
382 3188 469 3238 Luchs
488 3188 504 3237 l.
526 3188 542 3237 l.
564 3201 589 3252 p.
611 3191 669 3249 788,
691 3201 742 3252 quo
760 3202 789 3240 ra
808 3185 891 3255 (nunc)
911 3187 1018 3238 Ritschl.

144 3276 174 3338 7)
197 3275 236 3324 ita
254 3275 349 3340 scripsi
364 3274 497 3326 Palatinos
515 3277 640 3334 secutus3
661 3273 713 3324 alio
731 3275 831 3326 ducere
845 3275 1049 3326 Ambrosianum
1069 3276 1137 3326 dixit
1149 3275 1247 3326 stude-

69 3357 212 3429 mundliu
232 3360 340 3412 scholis.
581 3423 583 3426 Ι

145 3449 171 3511 8)
194 3443 360 3512 nescio<elnbl
377 3445 531 3496 dubitanter
548 3448 664 3496 coniecit
676 3447 845 3497 studemund
864 3447 889 3496 in
904 3446 1012 3508 scholis,
1033 3446 1113 3496 simul
1134 3437 1253 3496 monens'

70 3538 97 3585 in
120 3533 206 3584 Probi
227 3532 385 3596 appendice,
407 3533 433 3581 in
453 3545 506 3596 qua
526 3545 579 3583 non
598 3545 698 3598 paucus
717 3533 842 3596 uulgares
861 3533 1006 3583 uerborum
1027 3531 1126 3582 formas
1145 3533 1247 3596 impro-

66 3623 130 3673 bari
151 3620 293 3669 constaret
310 3633 378 3684 quae
397 3632 430 3668 ex
449 3619 536 3684 prisca
555 3618 687 3669 latinitate
705 3633 754 3684 per
772 3633 818 3669 ore
837 3619 911 3682 uulgi
931 3620 1015 3682 magis
1035 3618 1159 3668 minusue
1179 3616 1246 3666 tide-

68 3709 134 3758 liter
154 3705 322 3771 propagatae
340 3707 441 3767 essent,
462 3717 521 3768 pag.
539 3708 596 3765 788,
620 3709 651 3754 78
673 3705 724 3768 (ed.
745 3704 810 3768 Keil)
832 3705 882 3768 legi
903 3707 1002 3756 »nescio
1020 3703 1063 3754 ubi
1080 3717 1130 3754 non
1147 3705 1246 3754 neseio-

66 3795 173 3847 cubea:
195 3792 224 3841 el
241 3803 304 3840 cum
322 3791 384 3858 Aul„
405 3792 434 3853 77,
459 3795 481 3850 7,
503 3794 534 3840 88
554 3793 582 3840 et
599 3790 695 3854 Amph.
717 3792 765 3840 777
788 3790 866 3854 (coni.
888 3792 922 3841 de
947 3791 989 3840 his
1014 3789 1140 3840 uersibus
1163 3801 1245 3853 supra

66 3893 130 3946 pag.
154 3877 220 3940 788)
247 3878 412 3928 nescioeuude
436 3876 538 3928 formae
563 3878 667 3926 numeri
688 3889 739 3926 non
759 3876 912 3936 obstarent,
939 3889 969 3926 se
993 3889 1045 3926 non
1060 3874 1246 3925 dubitaturum

66 3967 158 4018 luisse
181 3961 276 4012 Plauto
294 3963 436 4014 nesciocobi
454 3966 481 4013 et
498 3965 664 4014 nescioeonda
678 3962 778 4013 formas
791 3963 939 4023 uindicare,
961 3962 1012 4012 nisi
1024 3962 1143 4024 grauiter
1156 3960 1247 4011 obsta-

66 4057 111 4104 ret
131 4049 309 4114 septenarius
328 4049 462 4100 iambicus
480 4050 532 4099 Mil.
556 4053 621 4098 7788
640 4049 760 4100 Neseto
778 4049 831 4100 nbi
848 4049 889 4099 bic
904 4050 987 4111 prope
1005 4049 1082 4108 adest,
1104 4059 1180 4108 ouem
1198 4049 1247 4097 ie-

62 4141 127 4204 pctd
147 4136 263 4187 uidere:
288 4135 337 4185 olet
359 4138 485 4200 profacto:
511 4136 584 4186 hunc
603 4137 673 4185 enim
699 4148 809 4186 uersum
828 4135 862 4184 ad
887 4135 967 4184 lolius
986 4133 1037 4184 loci
1056 4131 1173 4184 indolem
1193 4134 1246 4184 lam

64 4227 141 4276 hene
165 4220 312 4286 quadrare,
335 4225 364 4272 ut
382 4221 415 4272 de
435 4221 585 4285 corruptela
604 4221 722 4284 cogitare
741 4221 864 4272 eudaculi
883 4232 942 4272 esse
962 4219 1106 4270 uideretur.
