3126 5028
296 419 338 480 96
680 400 856 459 Lnorouuvs
879 401 1064 460 llarnrnutnr.

294 570 469 632 excluditur
504 570 560 650 (tv,
588 571 632 652 2).
676 567 753 632 Tum
783 570 922 633 Callicles
948 588 1045 631 senex
1077 588 1147 630 cum
1178 567 1302 630 duabus
1337 568 1462 628 ancillis

294 674 405 756 prodit,
438 693 455 733 e
485 673 602 753 quibus
625 675 772 754 comperit
799 691 973 752 puerume
1003 671 1061 732 lilia
1085 691 1142 733 sua
1165 681 1272 733 natum
1295 672 1463 732 thnesio

296 777 443 839 traditum
466 793 545 854 esse,
572 793 653 854 quae
677 775 760 835 bunc
781 795 819 835 ex
842 785 1006 836 senatum
1029 793 1099 834 6336
1123 773 1231 837 fictura
1261 776 1327 836 sit..
1352 776 1462 834 luter-

297 881 423 960 roganti,
449 899 466 941 3
490 897 551 956 quo
574 878 636 938 lilia
658 879 766 938 uitiata
790 878 840 955 311,
867 875 1089 957 respondetur,
1121 897 1137 937 a
1161 878 1337 938 Diniarcbo.
1379 879 1461 938 Tum

298 983 357 1061 bio,
385 984 438 1062 qni
460 992 558 1044 totum
581 981 768 1059 colloquium
791 979 923 1058 audiuit,
950 998 1038 1041 reum
1059 998 1093 1040 se
1117 981 1278 1041 confessus
1308 980 1463 1059 promittit

297 1085 430 1147 Calliclis
442 1085 547 1162 liliam,
559 1103 598 1144 ex
611 1101 672 1162 qua
685 1083 781 1144 fllium
793 1084 943 1164 genuerit,
958 1084 990 1142 in
1002 1084 1229 1145 matrimonium
1241 1101 1276 1144 se
1287 1082 1460 1144 ducturum

296 1207 365 1252 esse
399 1186 456 1270 (lV,
482 1186 527 1268 3).
569 1188 709 1247 Proxima
739 1205 848 1247 scaena
878 1185 1061 1247 Diniarcbus
1090 1187 1294 1248 anronesio
1323 1203 1461 1266 puerum

297 1292 446 1371 reposcit,
473 1289 528 1351 sed
550 1291 579 1350 ei
601 1288 825 1369 persuadetur,
844 1297 895 1358 ,61
922 1307 1055 1367 puerum
1084 1298 1146 1350 tam
1176 1289 1230 1352 diu
1253 1289 1338 1368 apud
1359 1289 1463 1349 Phro-

297 1395 418 1455 nesium
442 1411 511 1454 esse
533 1393 630 1470 31631,
657 1390 733 1452 dum
756 1390 844 1452 miles
868 1391 973 1451 maiori
999 1393 1131 1471 pecunia
1162 1391 1393 1454 circumductus
1420 1393 1464 1452 sit

301 1495 358 1578 (tv,
387 1497 429 1569 l).
463 1496 531 1566 Quo
554 1493 633 1555 13616
656 1493 789 1554 Strabax
804 1503 835 1553 61
855 1493 888 1574 (si
905 1513 953 1555 us.
974 1496 1013 1553 66
1030 1512 1076 1573 sq.
1097 1504 1179 1555 recte
1195 1495 1354 1556 constituti
1370 1499 1457 1571 sunt)

297 1598 517 1677 Stratophanes
539 1597 621 1657 intro
644 1595 811 1674 ducuntur,
838 1606 873 1656 ut
895 1596 1047 1657 ambobus
1070 1615 1136 1657 mos
1158 1606 1282 1676 geratur
1308 1596 1368 1678 (V).

383 1701 446 1760 lam
475 1700 501 1759 si
524 1697 564 1759 ad
594 1699 726 1776 primam
758 1699 850 1760 buius
879 1698 1004 1760 fabulae
1026 1717 1168 1760 scaenam
1191 1698 1350 1778 redimus,
1384 1719 1462 1760 3366

298 1804 400 1863 mirari
424 1801 503 1880 licet,
529 1821 591 1881 quo
614 1801 704 1860 modo
718 1801 902 1862 Diniarcbus
925 1812 996 1864 3616
1018 1811 1081 1863 tres
1103 1802 1169 1865 dies
1192 1805 1307 1863 Lemno
1322 1800 1463 1864 Athenas

298 1924 445 1967 reuersus
466 1903 497 1984 (l,
519 1905 547 1982 l,
567 1903 617 1984 71)
638 1904 717 1964 36166
732 1906 875 1985 potuerit,
895 1904 1094 1966 Phronesium
1110 1925 1241 1985 puerum
1259 1905 1319 1966 sibi
1337 1923 1463 1984 suppo-

298 2011 400 2070 suisse
422 2025 480 2068 666
502 2006 563 2067 sibi
585 2007 645 2086 ipsi
669 2025 732 2066 rem
757 2007 966 2068 consessuram
990 2027 1069 2087 esse,
1096 2006 1153 2068 sed
1167 2007 1262 2069 uerba
1287 2005 1363 2068 dare
1379 2008 1463 2069 uelle

303 2113 334 2193 (l,
363 2111 392 2188 l,
419 2109 570 2190 68-73);
597 2129 669 2170 6316
692 2110 749 2169 1166
771 2129 810 2170 ex
833 2119 894 2171 1613
917 2110 1021 2172 1311613
1045 2110 1134 2171 136116
1157 2110 1346 2190 intellegitur
1367 2111 1456 2170 Dini-

298 2214 444 2291 arcbum,
476 2221 639 2292 postquam
669 2211 812 2290 redierit,
849 2221 915 2274 tum
943 2214 1079 2292 primum
1117 2213 1306 2274 meretricem
1337 2214 1458 2289 uisere;

298 2317 387 2378 aliter
408 2324 528 2394 autem,
562 2334 623 2394 quo
653 2313 742 2376 modo
765 2332 815 2376 res
838 2334 871 2375 se
894 2315 1035 2394 haberet,
1070 2317 1238 2398 comperire
1260 2335 1323 2376 non
1346 2317 1458 2395 potuit,

297 2438 369 2481 nam
394 2436 451 2479 nec
473 2417 597 2479 omnino
618 2417 689 2478 talia
712 2417 924 2500 peruulganda
954 2428 1028 2480 3661
1056 2427 1088 2480 61
1108 2417 1359 2499 praecauendum
1381 2427 1459 2496 6631,

299 2541 339 2583 66
361 2521 450 2582 miles
473 2518 511 2581 de
534 2539 570 2581 ea
594 2539 626 2580 66
648 2520 759 2581 certior
774 2521 870 2600 lieret,
897 2540 955 2582 nec
968 2523 1035 2600 ipsa
1051 2521 1207 2582 Phronesii
1223 2521 1338 2582 familia
1361 2520 1405 2604 (ll,
1426 2523 1458 2599 1,

299 2626 358 2686 313
382 2622 441 2705 sq.)
474 2641 532 2684 666
562 2624 683 2684 6161663
705 2622 886 2704 (1311161631),
911 2626 1009 2703 'pueri
1031 2642 1127 2703 3663,
1160 2623 1332 2704 quidquam
1356 2623 1394 2685 de
1424 2643 1462 2685 ea

299 2745 332 2787 re
358 2726 480 2788 audiuit
512 2722 569 2806 (111,
596 2724 640 2806 3).
679 2723 789 2804 'Atque
818 2726 979 2806 diligenter
1007 2725 1111 2788 fabula
1141 2727 1208 2804 ipsa
1240 2727 1379 2806 inspecta
1401 2727 1462 2786 111-

299 2830 459 2890 niarobum
490 2827 529 2889 de
551 2845 625 2888 6663
648 2835 755 2906 partus
785 2828 963 2890 condicione
991 2829 1067 2890 nibil
1095 2829 1280 2910 comperisse
1300 2847 1356 2909 pro
1378 2839 1462 2890 certo

299 2932 504 2992 resciscimus.
533 2930 625 2991 Velut
646 2930 679 2989 in
695 2948 805 2991 scaena
829 2932 850 3010 l,
874 2933 904 3010 2,
930 2933 961 2992 in
986 2949 1046 3010 qua
1070 2931 1252 2992 Diniarcbus
1275 2929 1460 3013 Astaphium

299 3034 338 3096 de
352 3043 446 3115 partu
460 3034 638 3112 interrogat,
664 3032 799 3111 proiecto
815 3032 947 3110 dubitat,
967 3043 1071 3096 utrum
1087 3053 1161 3096 uera
1180 3035 1244 3096 sint
1258 3053 1338 3113 quae
1354 3033 1461 3095 audiat

195 3171 198 3176 ·
299 3154 407 3214 necne,
433 3133 488 3196 sed
512 3135 588 3196 alias
611 3134 774 3207 dubitandi
796 3155 906 3198 causas
928 3155 990 3199 non
1012 3136 1110 3215 affert,
1135 3137 1195 3197 nisi
1211 3135 1295 3216 quod
1317 3147 1460 3198 uentrem

300 3239 438 3300 mulieris
453 3256 615 3317 nunquam
630 3247 841 3300 extumescere
856 3238 978 3316 uiderit,
1005 3257 1085 3318 quac
1100 3238 1252 3300 dubitatio
1271 3239 1353 3300 136111
1369 3258 1460 3318 opera

299 3342 439 3422 Astapbii
461 3340 567 3403 uerbis
594 3340 626 3422 (1,
654 3343 682 3417 2,
711 3339 751 3401 97
774 3340 835 3423 sq.)
862 3341 993 3418 tollitur;
1027 3341 1103 3402 nibil
1125 3349 1207 3402 66616
1230 3340 1347 3403 indicat
1369 3343 1462 3404 Dini-

299 3446 426 3506 arcbum
450 3445 517 3505 eius
539 3443 646 3504 uerbis
669 3442 824 3521 diffidere3
858 3452 1006 3522 attamen,
1041 3445 1068 3505 si
1097 3444 1177 3505 bene
1199 3445 1299 3506 Plauti
1321 3463 1461 3507 consue—

300 3546 440 3608 tudinem
463 3546 553 3623 noui,
579 3547 707 3608 ancillae
730 3544 888 3608 mendacia
913 3547 937 3607 si
961 3549 1180 3628 perspexisset,
1207 3547 1460 3627 adspectatores

300 3667 468 3712 conuersus
498 3647 674 3710 detexisset.
723 3646 806 3710 ldem
834 3649 1017 3713 concludere
1047 3650 1117 3711 licet
1143 3669 1185 3710 ex
1213 3648 1344 3712 secundi
1374 3659 1460 3712 actus

300 3771 408 3813 scaena
431 3760 541 3831 quarta
564 3769 635 3811 oum
658 3770 698 3811 ex
719 3751 1043 3830 66631116331-3311,
1076 3751 1127 3830 37,
1144 3744 1292 3830 ι39-111,
1317 3753 1456 3832 55-57,

301 3864 366 3915 tum
390 3874 429 3915 ex
451 3852 756 3932 6663116383-81,
783 3872 861 3935 quos
884 3855 969 3916 nullo
992 3854 1081 3916 modo
1103 3863 1193 3935 poeta
1212 3855 1379 3918 Diniarcbo
1402 3857 1463 3918 tri-

371 4093 395 4153 1)
416 4091 552 4142 Calliclem
567 4093 704 4144 Phronesii
715 4095 835 4145 uicinum
854 4107 914 4145 esse
927 4094 989 4144 inde
1002 4097 1120 4160 apparet,
1141 4094 1213 4159 quod
1232 4093 1317 4159 locus,
1339 4097 1366 4145 in
1380 4109 1463 4161 quem

300 4177 412 4227 ancillas
431 4177 564 4242 producit,
584 4182 646 4229 3616
665 4179 776 4228 domum
794 4181 853 4230 cius
872 4183 921 4230 est.
