3126 5028
378 442 420 500 Ds
445 460 639 502 uernacrtrts
662 461 776 502 raevms
800 445 963 503 Ptivrmis.
1194 445 1253 504 103

219 631 269 672 us.
297 611 327 672 5.
354 629 408 674 sua
431 613 554 673 consilia
576 630 696 674 summa
719 614 872 692 eloquitur
896 614 990 676 libere

219 733 270 776 us.
298 713 328 773 7.
356 715 429 776 dum
451 716 519 792 tuit,
546 714 644 794 dedit;
671 717 851 778 tuncnihil
874 717 974 796 labet,
1001 717 1085 797 quod
1108 719 1250 798 babebat,

510 836 566 879 nos
589 819 739 880 babemus

217 941 270 982 us.
298 923 327 980 8.
354 922 414 982 lste
436 919 468 982 id
491 921 592 998 babet,
619 921 703 1000 quod
726 939 782 982 nos
806 922 980 998 habuimus,
1006 923 1175 985 buntauum
1199 923 1255 1002 fa-

510 1025 599 1085 cinus
621 1023 770 1102 factumst

217 1143 270 1186 us.
298 1129 317 1184 9
321 1171 780 1188 .........
829 1128 915 1187 uaria
937 1128 1031 1189 uitest

89 1228 203 1288 utalia
227 1229 482 1306 praetermittam.

173 1331 260 1391 llaec
289 1329 399 1409 habui,
434 1349 516 1411 quae
543 1330 581 1392 de
604 1332 781 1394 Truculenti
808 1333 1026 1412 compositione
1055 1330 1249 1412 dissererem,

89 1450 222 1513 quorum
247 1450 371 1495 summa
394 1433 471 1496 baec
493 1444 552 1495 est:
588 1435 682 1495 certis
704 1437 843 1514 uestigiis
866 1453 1014 1516 apparere
1037 1451 1092 1494 nos
1115 1433 1252 1495 fabulam

88 1555 147 1597 non
170 1537 269 1598 talem
292 1537 417 1615 habere,
443 1537 543 1616 qualis
566 1557 583 1598 e
604 1545 713 1616 poetae
728 1537 873 1599 manibus
889 1539 1031 1615 suaserit,
1058 1535 1115 1598 sed
1136 1547 1171 1598 ut
1184 1545 1254 1616 post

88 1649 209 1718 poetam
226 1641 336 1700 relicta
352 1640 408 1716 sit,
429 1650 459 1701 et
470 1649 592 1718 praeter
607 1641 766 1720 prologum
781 1659 880 1702 unum
893 1641 1001 1703 saltem
1018 1641 1118 1702 locum
1135 1649 1249 1719 extare,

87 1742 140 1802 ubi
163 1741 370 1821 interpolator
391 1744 423 1802 in
446 1744 547 1804 locum
570 1743 778 1804 Plautinarum
800 1751 934 1805 totarum
956 1761 1147 1820 scaenarum,
1174 1761 1253 1823 quas

87 1845 228 1906 consulto
252 1847 386 1923 eiecerit,
413 1847 577 1908 nonnullos
597 1865 709 1909 uersus
725 1848 853 1908 lacunae
868 1846 1040 1926 explendae
1055 1863 1146 1908 causa
1164 1861 1255 1907 come

87 1949 236 2026 posuerit.

535 2545 592 2626 llll
619 2544 807 2627 erlaldo.

171 3068 266 3136 Nunc
287 3063 328 3124 ad
349 3063 514 3143 Epidicum
537 3083 573 3125 so
596 3063 742 3125 libentius
764 3073 896 3140 transeo,
920 3065 993 3141 quia
1016 3066 1049 3124 in
1071 3063 1129 3124 hae
1150 3061 1254 3126 labula

86 3167 248 3229 tractanda
274 3168 392 3228 occasio
415 3166 491 3226 mibi
521 3165 647 3228 dabitur
674 3164 864 3245 disserendi,
898 3165 975 3244 quid
998 3165 1037 3228 de
1060 3168 1255 3230 contamina-

87 3272 169 3331 tione
192 3268 374 3330 labularum
397 3267 606 3330 Plautinarum
629 3283 781 3330 censeam.
822 3270 922 3341 Quam
949 3270 1161 3349 quaestionem
1183 3287 1254 3330 cum

86 3391 135 3449 ea,
163 3390 262 3452 quam
287 3370 478 3432 tractandam
502 3372 576 3432 mihi
598 3371 691 3450 elegi,
718 3372 872 3432 artissime
894 3372 1057 3433 cohaerere
1080 3389 1171 3432 nemo
1192 3387 1255 3432 non

86 3473 182 3536 uidet.
227 3474 307 3534 Nam
329 3476 362 3536 in
385 3474 442 3536 hac
465 3474 571 3536 fabula
594 3472 671 3552 quid
691 3472 797 3535 Plauto
819 3475 896 3554 ipsi,
929 3473 1006 3552 quid
1033 3472 1255 3554 posterioribus

86 3575 294 3638 tribuendum
326 3577 383 3653 sit,
416 3575 577 3638 diiudicari
608 3577 729 3655 nequit,
762 3578 822 3636 nisi
849 3584 938 3636 antea
961 3577 1153 3655 exploratum
1183 3576 1250 3652 erit,

87 3689 191 3740 utrum
216 3680 478 3740 contaminatione
501 3689 566 3740 orta
589 3679 629 3739 sit
643 3697 750 3740 necne.
792 3678 867 3740 lude
890 3679 982 3759 enim,
1009 3696 1080 3739 cum
1098 3676 1254 3755 prioribus

87 3781 221 3844 saeculis
245 3782 386 3842 uirorum
409 3781 569 3844 doctorum
592 3799 675 3842 unus
698 3780 815 3841 alterue
838 3780 895 3840 hoc
917 3779 968 3841 uel
990 3781 1042 3842 illo
1064 3780 1128 3842 loco
1151 3779 1254 3842 offen-

87 3903 140 3945 sus
162 3894 267 3961 esset,
294 3893 399 3944 nostro
422 3884 534 3961 multa,
567 3901 647 3964 quae
669 3893 759 3964 poeta
789 3882 849 3943 sibi
870 3892 1013 3944 constans
1037 3883 1170 3946 scribere
1193 3903 1255 3946 non

86 3989 253 4065 potuisset,
269 3985 404 4047 Weisius
415 3985 433 4068 ¹)
451 3985 629 4063 detexisset,
645 3982 921 4066 Ladewigius2)
942 3985 1074 4066 plurima
1091 3987 1163 4048 uitia
1176 4006 1255 4066 pro-

157 4128 181 4187 t)
204 4125 241 4175 bl.
263 4124 327 4172 neci
345 4123 430 4171 Plauti
448 4121 570 4172 comoed.
592 4122 634 4171 ed.
655 4121 745 4171 Weiss
765 4125 841 4172 tuit.

155 4213 181 4276 Ξ)
205 4211 301 4260 Dium.
322 4209 423 4273 antiqu.
446 4208 517 4260 stud.
539 4210 601 4258 ista
624 4221 650 4276 p.
673 4210 739 4258 4079
758 4220 798 4274 sq.
