3126 5028
313 443 354 508 98
579 469 582 481 ’
699 447 872 508 Leoronnrs
896 445 1078 507 1444444444.

313 619 415 696 logum
439 627 535 680 totum
558 627 628 698 post
644 619 740 680 Plauti
762 628 893 680 aetatem
910 627 1012 678 ortum
1027 634 1096 676 esse
1120 617 1187 676 ueri
1206 614 1400 676 simillimum
1415 623 1473 673 est.

314 720 403 780 lllum
425 722 591 800 quominus
614 721 789 781 Plautinum
813 740 882 781 osse
905 729 1093 797 statuamus,
1127 719 1203 779 nihil
1226 718 1345 795 obstat,
1379 715 1478 777 dum-

315 823 405 893 modo
427 834 589 885 teneamus
618 825 649 883 in
682 843 753 886 eum
783 841 906 902 quoque
935 823 1055 902 aliquos
1085 817 1339 902 interpolatorum
1366 839 1480 882 uersus

315 928 477 1005 irrepsisse
488 926 521 1007 ¹).

403 1028 530 1092 Videtur
552 1038 655 1090 autern
679 1028 886 1091 Truculentus
912 1028 1032 1108 sabula,
1065 1047 1136 1089 cum
1168 1029 1291 1107 saepius
1320 1035 1476 1106 ageretur,

313 1130 408 1195 modo
430 1132 486 1194 hoc
508 1131 600 1194 modo
622 1132 674 1192 illo
696 1133 819 1211 prologo
842 1133 990 1192 instructa
1012 1131 1164 1210 prodiisse
1186 1132 1247 1210 uel,
1273 1139 1310 1191 ut
1332 1127 1480 1208 equidem

317 1228 440 1311 conicio,
469 1234 610 1314 prologus
625 1235 795 1313 Plautium,
822 1235 911 1296 cuius
934 1235 965 1293 in
990 1234 1089 1295 locum
1105 1236 1256 1296 recentior
1278 1233 1330 1294 ille
1345 1251 1402 1312 per
1417 1232 1482 1292 ali-

317 1337 401 1415 quod
417 1347 540 1416 tempus
556 1336 746 1399 substitutus
768 1336 878 1412 fuerat,
904 1338 1016 1398 iterum
1039 1338 1071 1397 in
1087 1338 1186 1398 lucem
1209 1345 1383 1414 protractus
1406 1333 1481 1394 inde

319 1439 359 1499 ab
382 1459 418 1500 eo
441 1448 578 1519 tempore
601 1459 694 1501 suum
717 1439 878 1500 obtinebat
900 1440 1011 1501 locum.
1044 1441 1208 1500 Recentior
1229 1440 1312 1499 enim
1334 1439 1482 1518 prologus

318 1540 358 1602 ad
370 1560 512 1602 scaenam
525 1544 547 1619 l,
571 1545 589 1604 2
608 1562 669 1602 non
686 1541 816 1620 quadrat
827 1544 887 1602 nisi
899 1552 1016 1604 mutato
1028 1544 1112 1603 initio
1128 1542 1268 1619 fabulae,
1284 1560 1357 1602 nam
1372 1541 1483 1601 cumis

320 1665 337 1706 a
360 1663 492 1725 persona
514 1645 630 1724 prologi
645 1645 754 1705 babitu
769 1646 918 1708 instructa
936 1646 1056 1707 recitari
1075 1644 1210 1722 deberet,
1237 1664 1308 1710 cum
1323 1651 1484 1724 praeterea

245 1817 246 1822 η
320 1747 501 1809 Diniarchus
524 1748 609 1808 initio
632 1767 762 1808 scaenae
783 1750 805 1826 l,
833 1751 851 1808 2
868 1750 975 1809 iamin
992 1767 1102 1810 scaena
1119 1750 1168 1827 sit,
1187 1749 1369 1829 priusquam
1386 1745 1486 1808 Asta-

320 1851 427 1929 phium
450 1849 589 1928 prodeat,
616 1868 743 1911 necesse
766 1862 814 1911 est
835 1861 905 1929 post
927 1852 1010 1914 hunc
1030 1852 1191 1933 prologum
1210 1869 1354 1912 scaenam
1377 1849 1485 1908 inser-

320 1962 381 2013 tam
398 1952 505 2030 luisse,
532 1971 592 2032 qua
609 1953 791 2015 Diniarchus
813 1953 977 2033 prodierit;
1004 1957 1093 2018 cuius
1116 1973 1244 2017 scaenae
1267 1972 1338 2013 cum
1360 1952 1484 2012 nullum

320 2056 487 2134 uestigium
503 2064 595 2132 extet,
616 2056 798 2116 uerisimile
821 2067 868 2117 est
890 2077 951 2118 non
975 2059 1015 2119 ita
1032 2060 1128 2121 multo
1147 2064 1217 2137 post
1230 2056 1327 2117 Plauti
1351 2063 1484 2116 mortem

320 2159 455 2236 priorem
477 2157 636 2236 prologum
659 2177 751 2219 suum
775 2160 875 2220 locum
899 2161 1142 2240 recuperauisse

407 2261 552 2322 Ceterum
574 2262 729 2338 genuinus
752 2262 802 2322 ille
819 2264 963 2342 prologus
985 2283 1048 2324 non
1070 2262 1173 2326 differt
1196 2262 1236 2324 ab
1253 2263 1383 2323 aliorum
1405 2279 1486 2339 pro-

324 2362 459 2440 logorum
482 2361 587 2422 forma.
631 2365 667 2424 Vt
689 2365 770 2424 enim
794 2367 918 2444 saepius
946 2369 989 2428 sic
1015 2367 1064 2427 bic
1093 2385 1218 2446 quoque
1247 2365 1423 2426 accuratius
1445 2361 1486 2424 de

321 2464 453 2543 singulis
475 2463 570 2527 rebus
592 2464 633 2526 ad
655 2466 791 2527 labulam
807 2469 1036 2546 pertinentibus
1056 2468 1243 2549 disputatur,
1271 2477 1337 2528 tum
1360 2473 1488 2546 specta-

324 2576 405 2628 tores
420 2569 453 2626 in
468 2565 601 2627 mediam
618 2568 755 2629 fabulam
771 2570 1019 2650 introducuntur,
1040 2571 1175 2650 denique
1190 2571 1373 2631 Diniarchus
1389 2567 1489 2629 uerbo

323 2679 368 2732 set
396 2669 451 2750 (us.
479 2671 500 2747 l,
524 2671 551 2748 l,
579 2670 628 2751 76)
657 2679 802 2750 tanquam
826 2692 938 2736 nouam
961 2693 1124 2753 personam
1147 2673 1257 2736 induit.

412 2770 475 2834 Sed
497 2782 659 2853 postquam
676 2775 737 2835 iarn
753 2774 831 2837 duos
846 2778 988 2856 prologos
1003 2778 1157 2838 Plautinos
1173 2775 1376 2851 restituimus,
1401 2791 1487 2851 quo-

325 2893 394 2935 rum
417 2876 448 2935 in
478 2875 578 2935 locum
608 2896 624 2934 a
653 2878 874 2955 posterioribus
902 2881 953 2941 alii
984 2882 1145 2959 conscripti
1175 2889 1265 2957 sunt,
1296 2878 1488 2938 occasionem

325 2977 458 3040 oblatam
475 2980 719 3055 praetermittere
743 3000 802 3042 non
825 3000 1002 3062 possumus,
1027 2985 1103 3063 quin
1125 2984 1233 3064 paucis
1255 2981 1362 3042 uerbis
1385 2997 1488 3057 expo-

325 3098 454 3156 namus,
488 3092 549 3160 qua
582 3083 698 3141 ratione
726 3085 910 3163 posteriores
939 3087 971 3146 in
1001 3105 1035 3146 ea
1059 3105 1092 3146 re
1114 3085 1260 3147 Plautinis
1282 3083 1416 3164 prologis
1439 3082 1489 3141 usi

327 3180 432 3262 sint2J.
459 3184 642 3245 Posteriores
658 3188 740 3246 enim
757 3188 787 3247 in
810 3187 981 3249 enarrando
1004 3197 1184 3268 argumento
1207 3205 1317 3250 uersus
1332 3185 1489 3246 Plautinos

326 3293 380 3345 aut
402 3286 636 3366 totosintegrcs
666 3289 887 3350 transscribere
916 3309 977 3351 non
1008 3290 1153 3352 dubitant
1185 3290 1229 3372 (ut
1256 3293 1288 3351 in
1310 3286 1489 3367 Mercatore)

327 3398 381 3449 aut
402 3388 512 3449 iisdem
534 3388 597 3449 lere
620 3391 726 3451 uerbis
749 3401 880 3454 utuntur
901 3394 948 3474 (ut
970 3395 1001 3454 in
1023 3395 1147 3474 prologo
1163 3391 1366 3473 Truculenti),
1392 3409 1490 3470 prae-

327 3499 410 3552 terea
432 3509 507 3551 uero
529 3510 586 3554 nec
615 3494 773 3571 ingenium
796 3515 853 3556 nec
874 3497 988 3577 cupido
1015 3497 1151 3578 fingendi
1181 3497 1383 3572 narrationes,
1408 3513 1491 3573 quae

327 3630 532 3638 ——-——--——‹-

399 3716 421 3776 4)
444 3715 642 3779 loterpclationi
660 3716 754 3767 deberi
773 3731 813 3768 us.
835 3721 854 3778 1,
878 3723 900 3778 t,
923 3723 955 3769 49
974 3723 1001 3770 et
1017 3725 1048 3770 5⁰
1063 3722 1188 3784 cognouit
1205 3720 1254 3770 rt.
1269 3719 1408 3784 BergkiuS,
1429 3719 1491 3769 Bei-

330 3803 402 3862 trage
421 3813 470 3850 zur
488 3801 532 3852 lut.
554 3802 720 3856 Grammatik
738 3805 757 3853 l.
780 3805 854 3854 Helle
875 3809 951 3856 4874.
971 3821 998 3869 p.
1021 3811 1077 3858 449,

398 3887 421 3948 2)
445 3886 483 3936 cf.
504 3887 680 3938 Ritschelium
699 3889 714 3938 l.
738 3889 755 3939 l.
775 3904 801 3954 p.
822 3894 886 3940 235:
910 3893 970 3942 »Die
989 3892 1148 3956 allgemeine
1166 3892 1347 3955 Mdglichkeit,
1367 3893 1432 3944 dass
1449 3893 1494 3944 ltir

330 3972 373 4021 dle
392 3971 541 4035 Ablassong
554 3973 610 4037 ¹der
634 3988 722 4024 nonen
744 3975 872 4039 (Prologol
901 3979 945 4028 die
968 3979 1040 4030 alten
1063 3979 1175 4030 benutzt
1193 3979 1250 4028 und
1268 3992 1352 4042 ganza
1371 3980 1494 4032 Partieen

331 4071 379 4106 aus
397 4057 490 4107 diesen
509 4059 536 4107 in
552 4060 614 4120 jene
632 4060 839 4122 aulgenommen
854 4064 975 4123 wurden,
997 4065 1065 4114 wird
1080 4048 1241 4127 keineswegs
1254 4065 1409 4129 geleugnet,
1424 4067 1495 4116 doch

331 4144 435 4192 kommt
452 4155 481 4193 es
499 4143 546 4192 aul
562 4143 798 4197 einleuchtendere
816 4148 1014 4213 Nachweisung
1038 4150 1145 4201 solchor
1162 4150 1301 4213 Mischung
1325 4164 1361 4200 an
1380 4151 1421 4201 als
1439 4151 1497 4202 bis·

331 4227 381 4276 her
399 4227 525 4276 versucbt
543 4230 660 4278 worda«
