3086 5024
260 466 263 472 .
305 417 366 480 192
726 417 881 480 Envxnnvs
904 420 1029 482 Brona.

218 639 223 648 .
302 589 408 652 Plauto
429 589 574 668 imputari
589 590 699 670 possit.
738 589 867 653 Accedit
881 589 966 670 quod
980 591 1013 652 in
1027 589 1178 652 eiusmodi
1201 591 1355 651 sententia
1380 589 1468 650 rela-

302 693 366 754 tiua
390 692 508 754 debitat
528 690 730 754 indicatiuum
760 701 916 771 expectes.
956 693 1068 754 Contra
1098 693 1124 754 si
1153 691 1288 754 eundem
1318 693 1469 754 hominem

303 795 514 857 accusatiuum
536 804 567 856 et
588 796 620 856 in
641 797 743 876 priore
766 795 904 858 membro
925 813 982 876 pro
1000 813 1079 856 uero
1101 795 1221 858 obiecto
1242 804 1275 857 et
1295 796 1328 856 in
1353 804 1467 875 poste-

303 899 381 959 riore
411 917 467 977 pro
494 897 613 960 obiecto
641 899 858 978 anticipatione
887 897 992 959 ellecto
1022 897 1135 978 habeS,
1168 899 1299 960 alterum
1329 898 1467 960 uerbum

303 1000 392 1062 uelut
418 999 500 1062 dicet
524 1001 557 1062 in
586 1001 752 1081 posteriore
782 999 923 1062 membro
949 1010 1105 1082 expectes,
1139 1000 1220 1062 conl.
1246 1004 1316 1062 Ter.
1340 1001 1464 1062 Phorm.

302 1103 382 1163 306:
408 1101 552 1164 bominem
574 1104 838 1165 commonstrarier
856 1103 902 1165 dli
921 1105 1011 1165 istum
1032 1104 1100 1165 uolo
1122 1111 1176 1165 cut
1196 1103 1250 1164 obi
1270 1103 1385 1165 dabitet
1406 1104 1468 1164 de-

303 1205 513 1268 monstrorier.
551 1206 645 1267 llulto
666 1205 830 1268 faciliorem
854 1213 1041 1268 structuram
1056 1205 1219 1285 habemus,
1238 1206 1292 1267 ubi
1310 1215 1367 1268 oct
1387 1224 1469 1285 par-

305 1308 410 1388 ticula,
440 1326 534 1386 quam
563 1306 660 1369 codex
690 1311 713 1370 B
741 1307 868 1370 exhibet
893 1307 936 1390 [in
965 1307 992 1369 A
1014 1327 1127 1370 uersus
1149 1310 1253 1370 exitus
1274 1307 1377 1389 periit]
1403 1328 1469 1368 ex-

305 1411 394 1490 pulsa
417 1411 563 1472 bominem
585 1411 796 1473 accusatiuum
818 1411 994 1496 subiectum
1021 1412 1171 1473 enuntiati
1200 1410 1374 1473 secundarii
1396 1429 1467 1472 esse

305 1512 500 1573 censebimus
522 1513 554 1572 in
578 1511 734 1575 obiectum
755 1514 892 1593 primarii
914 1510 1154 1597 προληπτικῶς
1174 1523 1341 1576 mutatum:

391 1633 542 1694 Percelim
564 1632 730 1694 mercedem
752 1633 838 1712 dore,
863 1634 918 1714 qui
937 1640 1122 1695 monstret
1148 1652 1216 1695 eom
1242 1633 1317 1695 milti
1337 1633 1467 1694 bomi-

835 1769 840 1778 ·
888 1754 977 1812 mem,
1003 1735 1067 1797 ubi
1088 1736 1249 1799 latitet.

305 1855 356 1918 uel
379 1853 455 1917 adeo
476 1855 580 1935 potius
604 1863 658 1917 cut
679 1855 711 1915 in
733 1854 782 1915 ltic
804 1863 921 1916 mutato
947 1853 996 1936 (ci.
1022 1855 1163 1935 exempla
1185 1874 1280 1936 supra
1303 1874 1373 1936 pag.
1404 1855 1487 1924 ⁴57,

304 1958 459 2041 collectal:
485 1957 553 2020 edm
575 1959 618 2018 mi
638 1958 794 2034 bominem,
820 1956 868 2017 dic
889 1957 942 2019 obi
962 1957 1083 2019 bdbitet.
1123 1959 1266 2020 Ceterum
1282 1957 1381 2019 uerba
1398 1976 1468 2019 emm

305 2063 379 2124 mibi
401 2063 547 2123 homimem
568 2071 674 2122 contra
696 2059 846 2120 librorum
869 2058 920 2121 ΑΒ
947 2062 1159 2122 auctoritatem
1187 2062 1219 2122 in
1249 2063 1293 2122 mi
1318 2062 1468 2122 bominem

306 2184 373 2226 eum
395 2165 532 2245 Geppert
553 2164 752 2244 transposuit.

392 2284 579 2347 Contradicit
600 2284 673 2346 huic
695 2283 829 2363 regulae,
856 2299 916 2361 qua
940 2283 1154 2344 coniunctiuus
1177 2282 1339 2363 flagitatur,

308 2410 411 2466 Bacch.
439 2415 497 2467 663
528 2407 597 2479 (llll,
627 2413 655 2478 l,
686 2402 731 2484 ⁴3)
761 2405 819 2463 Se‘d
839 2406 919 2462 lubet
940 2405 1024 2475 scire,
1047 2405 1188 2478 quantum
1211 2409 1313 2464 adraim
1334 2391 1472 2463 emissibi

759 2509 887 2582 Dempsit
910 2509 1028 2580 etquid
1050 2529 1102 2568 sco
1125 2510 1249 2569 reddidit
1268 2514 1357 2584 petri.

308 2628 365 2691 Vbi
390 2627 416 2688 si
438 2627 604 2707 [tempserit
626 2635 658 2686 et
679 2624 844 2687 reddiderit
866 2624 973 2685 inuitis
995 2624 1082 2686 libris
1100 2626 1243 2698 Palatinis
1265 2625 1469 2704 scriberetur,

307 2730 528 2812 impurioribus
547 2730 685 2790 numeris
707 2728 756 2788 bic
779 2746 900 2807 uersus,
927 2728 981 2806 qui
997 2747 1036 2788 ex
1051 2727 1183 2790 dimetro
1197 2730 1308 2790 cretico
1330 2738 1362 2790 et
1383 2748 1474 2810 pen-

308 2817 487 2895 themimere
509 2832 658 2894 trochaico
680 2840 810 2912 constat,
836 2829 1010 2892 claudicare
1032 2831 1209 2911 uideretur,
1241 2851 1334 2912 quarn
1358 2833 1414 2911 qui
1439 2834 1473 2891 in

308 2946 391 2998 tanta
415 2938 624 3017 proximorum
648 2953 796 2996 uersuum
826 2934 974 3013 elegantia
1005 2934 1182 3013 probabiles
1204 2945 1317 2996 essent.
1359 2937 1475 3014 Neque

308 3057 384 3100 uero
406 3039 531 3119 dempsit
548 3037 676 3099 formam
700 3056 756 3117 pro
778 3037 972 3097 coniunctiuo
996 3037 1110 3098 babere
1133 3049 1165 3098 et
1179 3037 1301 3100 redderit
1315 3039 1476 3098 coniunc—

308 3144 408 3202 tinum
431 3142 594 3202 restituere
616 3142 727 3202 ausim.
768 3141 902 3220 Ingenue
924 3141 1016 3220 igitur
1036 3141 1181 3220 profiteor
1198 3140 1396 3220 peritioribus
1422 3160 1476 3200 me

309 3246 440 3306 inuitum
464 3245 547 3306 hunc
569 3244 670 3305 locum
693 3243 868 3322 relinquere
890 3240 929 3303 ad
952 3242 1196 3306 diiudicandum.

871 3429 900 3513 2)

395 3554 590 3632 Interrogatio
613 3548 727 3632 pendet
748 3572 787 3612 ex
811 3552 916 3614 uerbis
939 3553 1094 3614 uisendi
1115 3550 1354 3614 obseruandi
1375 3551 1476 3612 simi—

310 3657 392 3718 libus
403 3679 408 3716 :

311 3783 351 3837 Pl.
378 3783 481 3838 Bacch.
509 3785 569 3841 235
599 3776 644 3855 (ll,
672 3783 701 3848 3,
731 3777 758 3851 l)
929 3778 1117 3850 ...Visam
1143 3795 1254 3854 ecquae
1276 3779 1433 3836 aduenerit
1539 3779 1540 3782 ’

838 3885 997 3956 lopertum
1012 3901 1049 3939 eae
1064 3884 1172 3957 Eplteso
1188 3887 1273 3940 occis
1288 3889 1478 3940 mercatoria.

377 3987 465 4042 Stich.
493 3989 553 4044 269
582 3977 622 4060 (l,
650 3988 677 4051 3,
709 3985 778 4054 tte)
869 3987 1111 4058 Nisictperielom
1120 3988 1179 4059 fiat,
1194 3988 1296 4055 uisam,
1311 3987 1384 4057 quid
1392 3988 1478 4042 uelit.

377 4091 453 4144 ileu.
481 4091 540 4145 *lot
569 4088 639 4158 (llll,
667 4094 696 4154 3,
725 4083 753 4164 5)
871 4089 1031 4156 Prouisam,
1056 4081 1148 4158 quam'
1166 4105 1232 4145 mox
1254 4091 1303 4144 uir
1324 4107 1407 4146 meos
1431 4107 1483 4146 re-

938 4192 1004 4246 deat
1026 4177 1146 4274 demum.
