3126 5028
444 437 645 507 Qvnnsrrcuns
669 455 821 500 nnrnroru.

142 601 287 665 Afranius
316 605 357 683 (u.
384 609 423 668 20
448 610 483 668 R.
510 610 543 671 G.
570 628 601 688 p.
630 607 713 687 tt3):

184 719 210 750 υ
226 707 321 770 secte
342 704 452 787 frater,
478 711 584 771 rdine:
610 731 697 792 quom
719 712 820 772 saluos
843 714 928 773 uenis

184 808 349 890 Meliusque
370 819 416 872 est
437 805 524 898 (tibi)
547 813 650 859 v-'v
670 812 856 894 pretuldr
877 813 971 874 deis.

64 913 199 973 Huncin
229 912 355 974 modum
385 915 543 976 constituit
565 915 770 994 RibbeckiuS,
805 935 886 996 quae
908 919 1056 978 Martinus
1079 917 1219 978 llertzius

63 1015 198 1076 Prisciani
226 1017 300 1090 (VIII
324 1014 375 1098 37)
405 1017 500 1079 libros
523 1019 696 1080 accuratius
718 1028 844 1079 secutus
866 1020 906 1080 ita
932 1020 1072 1079 retinxit:
1176 1074 1178 1080 .

185 1119 282 1180 Seaete
305 1113 354 1204 (d)
375 1119 476 1200 fromn
496 1120 540 1179 nri
559 1121 664 1182 selue:
690 1139 758 1182 cunt
779 1120 885 1183 solutis
907 1124 992 1182 cenes

183 1220 350 1300 Melidsqne
372 1230 425 1299 est,
450 1223 589 1302 protutor
611 1223 658 1284 dis
681 1259 704 1266 —
719 1237 746 1269 υ
761 1258 784 1266 -
800 1235 824 1266 υ
841 1259 863 1267 -

63 1323 149 1401 quod,
176 1343 368 1402 quamquam
391 1333 517 1405 propter
538 1344 697 1387 caesuram
720 1325 912 1406 aliquantum
936 1327 1090 1405 displicet,
1117 1337 1220 1388 tamen

66 1425 300 1504 praeferendum
323 1427 381 1486 erit
402 1427 440 1504 ei,
467 1425 551 1506 quod
572 1427 670 1490 edidit
691 1429 894 1491 Ribbeckius
924 1465 961 1473 -—

142 1531 177 1589 ln
198 1527 413 1607 compluribus
427 1530 575 1591 uersibus
597 1529 723 1609 legitimi
745 1521 867 1594 numeri
889 1532 1029 1606 facillima
1053 1532 1221 1593 mutatione

65 1633 176 1691 restitui
200 1630 378 1709 possunt¹):

141 1733 296 1796 Caecilius
328 1734 444 1795 Statius
473 1733 557 1814 apud
586 1735 718 1797 Gellium
741 1738 776 1815 ll,
810 1739 862 1815 23,
892 1738 929 1797 44)
966 1736 1007 1817 (u.
1037 1739 1097 1800 442
1120 1739 1157 1798 R.
1182 1739 1218 1800 C.

62 1856 89 1914 p.
115 1836 186 1916 i9):

184 1937 247 2018 {v
259 1973 282 1982 -
299 1940 326 1999 is
342 1937 459 2000 demunt
474 1941 635 2018 miserest,
654 1943 709 2021 qui
722 1945 899 2004 oernmndm
916 1945 1021 2005 sndm
1036 1945 1165 2023 nequit
1181 1977 1218 1988 -

65 2042 99 2103 Et
118 2043 273 2103 molossus
301 2043 333 2102 in
360 2044 525 2120 septenarii
552 2043 633 2122 pede
656 2046 763 2124 quinto
798 2044 838 2126 (et
867 2045 963 2128 sexto)
990 2055 1021 2106 et
1043 2046 1166 2107 iambus
1188 2047 1220 2106 in

64 2145 135 2222 pede
158 2145 350 2225 paenultimo
372 2145 547 2224 auferetur,
579 2147 605 2206 si
627 2148 761 2209 scribes:
794 2185 836 2194 -
859 2152 911 2229 qni
933 2167 1022 2211 suom
1045 2151 1222 2210 aerumnam

41 2251 167 2329 ,nequit
193 2283 262 2300 —·

142 2347 291 2412 Afranius
313 2348 398 2430 apud
419 2352 552 2412 Nonium
578 2353 650 2431 424,
678 2351 717 2413 47
746 2351 787 2432 (ιι.
816 2354 854 2412 lt)
878 2355 914 2414 R.
940 2353 974 2414 C.
1002 2372 1031 2432 p.
1061 2355 1153 2430 litii:

185 2467 212 2499 u
226 2451 251 2497 -'
266 2467 292 2498 o
307 2488 329 2496 -
345 2467 371 2498 υ
386 2453 544 2515 orbitatem
565 2457 710 2517 senectuti
732 2458 826 2517 tune
845 2453 980 2515 matrim

187 2557 284 2618 Metui
306 2555 385 2637 qnod
406 2555 554 2617 inscitior
577 2576 636 2618 non
658 2559 742 2619 uenit
763 2561 849 2618 coeco
872 2576 910 2617 nc
931 2557 1058 2618 dementi
1080 2556 1144 2617 tibi.

68 2659 96 2718 Si
117 2677 190 2719 sana
213 2667 290 2719 sunt
307 2659 383 2720 haec
397 2657 504 2737 uerba,
528 2660 620 2719 etiam
637 2669 762 2739 propter
776 2662 920 2724 senectuti
931 2658 1101 2738 praestabit
1115 2668 1224 2719 trans-

67 2779 172 2838 ponere
195 2781 269 2824 cum
293 2761 407 2840 cornio,
434 2780 527 2840 quem
551 2761 740 2823 Ribbeckius
763 2764 830 2823 iure
852 2771 977 2824 secutus
1000 2771 1062 2823 est:
1091 2798 1128 2806 -
1154 2760 1223 2822 ttloe

66 2867 199 2926 senectuti
221 2863 347 2926 molum.
375 2898 414 2908 -

144 2964 293 3028 Afranius
314 2966 399 3046 apud
421 2968 554 3027 Nonium
581 2968 651 3046 402,
681 2969 718 3027 44
748 2967 789 3049 (u.
818 2969 876 3027 440
900 2969 935 3027 R.
963 2969 996 3029 G.
1023 2985 1053 3046 p.
1084 2964 1176 3047 t52):

186 3072 294 3151 ltaque
307 3068 391 3131 'ddeo
415 3068 551 3131 emtundo
573 3069 688 3150 ecficid.
730 3071 856 3132 Dotrir
878 3071 970 3130 mitt

190 3171 412 3234 Custodiendus

68 3273 95 3332 Si
124 3283 202 3336 recte
233 3273 424 3336 Ribbeckius
453 3274 612 3336 Leidensis
639 3274 799 3336 lectionem
829 3276 937 3354 eoeficio
975 3275 1040 3351 (pro
1062 3291 1105 3332 ecc
1129 3272 1224 3352 officio

68 3380 242 3454 ceterorum)
270 3385 397 3438 secutus
419 3386 467 3437 est
494 3375 606 3456 (coticio
628 3404 671 3430 =
692 3377 849 3460 celocem),
882 3376 956 3437 nibil
986 3373 1116 3453 impedit
1137 3391 1223 3452 quo-

70 3479 163 3540 minus
192 3479 389 3560 septenarius
419 3479 572 3540 iambicus
597 3481 815 3542 constituatur:
852 3481 959 3559 Itaque
985 3477 1059 3538 ddeo
1089 3474 1223 3536 contundo

68 3578 170 3656 celleio.
199 3585 302 3643 Datur
313 3582 387 3643 mibi
401 3580 620 3644 costodintdns.
648 3581 710 3644 Sed
726 3584 804 3644 aliae
819 3579 1005 3643 emendandi
1022 3579 1091 3640 uiae
1107 3577 1222 3644 multae

68 3692 174 3759 patent.
201 3719 242 3730 —

70 3805 266 3816 Ἠ

130 3873 152 3934 4)
173 3873 227 3923 Eos
246 3885 352 3929 uersus.
374 3871 472 3936 quibus
490 3872 641 3936 corruptela
659 3875 715 3922 tam
733 3870 874 3922 manifesta
896 3872 938 3920 est
954 3881 1036 3933 quam
1054 3865 1128 3931 apud
1146 3865 1223 3916 Atra-

71 3958 135 4008 nium
156 3959 270 4021 (Nonius
289 3962 348 4017 393,
371 3958 410 4019 44)
432 3971 478 4007 uu.
502 3961 531 4006 tc
551 3971 591 4021 sq.
613 3957 642 4007 R.
662 3956 738 4006 Com.
759 3969 785 4022 p.
808 3959 869 4005 tte:

164 4047 330 4107 Quamquam
346 4057 398 4093 non
414 4045 468 4093 istis
486 4045 621 4092 coercetur
639 4043 667 4091 tn
685 4043 745 4092 locis

161 4133 208 4183 lite
225 4133 323 4192 noster,
343 4129 474 4179 dotatoret
492 4129 552 4178 crim
566 4129 652 4191 poor
669 4126 789 4177 stetten

73 4216 232 4276 (bitscbelius
251 4215 285 4268 de
303 4215 358 4266 fiet.
381 4218 426 4264 tt:
448 4228 507 4266 cnm
521 4214 615 4278 puero)
636 4213 715 4278 plane
733 4213 857 4263 omittere
875 4212 1001 4275 praestat.
1022 4235 1056 4246 -
