3116 5020
306 424 347 482 Da
371 423 497 482 Srrrrxr
520 423 801 484 lrrrrsoesuouru
824 420 1023 491 00000000.
1187 417 1248 480 235

87 599 152 653 Ter.
171 597 226 653 hd.
255 601 315 654 035
344 592 414 674 (1111,
444 602 471 666 4,
501 597 549 668 ri)
577 599 674 654 Prodit
696 599 793 654 nescio
817 598 895 670 quis:
924 597 1073 656 concedam
1096 596 1159 652 hoe.

87 700 220 756 hirenius
248 698 343 772 (Rihbs
370 701 449 756 Com.
476 717 506 772 p.
537 705 606 769 400,
637 699 706 772 000)
733 703 757 755 40
795 716 857 755 cum
891 699 949 772 filio
988 699 1116 755 Coicerat
1152 701 1249 756 nescio

652 803 721 874 quid
751 803 783 859 de
804 803 975 862 ratiuncula.

86 907 228 961 Pacuuius
256 900 349 980 (Rihh.
376 907 459 976 Trag.
486 922 516 976 p.
547 909 616 973 443,
645 900 715 980 hai)
744 905 800 962 Sed
828 907 924 962 nescio
954 906 1132 976 quidnamst:
1164 907 1251 962 oanni

656 1009 799 1075 horrescit,
825 1010 917 1080 gliscit
937 1009 1083 1080 gaudium.

84 1107 232 1167 horrescit
253 1107 350 1188 gliscit
371 1105 464 1183 edd.;
491 1107 635 1167 horrescit
657 1113 685 1168 et
704 1105 804 1186 gliscit
825 1105 894 1166 libri
917 1106 1063 1180 Noniani3
1098 1105 1245 1185 horresco,

81 1209 182 1290 gliscit
197 1207 340 1286 Bothius;
362 1209 415 1271 sed
429 1209 529 1270 nescio
544 1208 689 1290 quidnam
705 1216 764 1270 est:
790 1210 886 1270 animi
900 1208 1054 1286 horrescit,
1073 1191 1247 1293 cilicineo)

81 1311 180 1392 gliscit
208 1313 354 1394 acridium
382 1311 474 1373 Ribb.
503 1313 589 1391 Trag.
616 1330 646 1390 p.
675 1311 779 1388 XLVl;
815 1311 867 1374 sed
888 1313 986 1374 nescio
1015 1308 1157 1392 quidnam
1186 1318 1245 1374 est:

82 1415 182 1476 aurini
211 1414 312 1496 gliscit
343 1415 490 1496 gandium
531 1414 713 1476 Buecheler:
762 1433 842 1495 quae
875 1423 978 1477 tamen
1017 1411 1248 1477 emendationes

84 1535 194 1577 ornnes
209 1517 267 1578 hoo
282 1537 343 1579 unc
358 1527 552 1595 euertuntur,
575 1516 699 1596 quodsi
715 1517 787 1597 qnid
808 1535 976 1596 pronomen
997 1516 1247 1595 interrogatiuum

83 1639 156 1680 cum
171 1639 244 1680 nant
259 1620 409 1698 particula
426 1621 631 1700 coniungitur,
652 1628 695 1682 est
709 1619 895 1683 indicatiuus
911 1619 984 1682 ferri
1001 1621 1117 1699 nequit.
1152 1620 1248 1681 Prae-

84 1732 168 1783 terea
185 1723 217 1782 in
237 1724 294 1782 hoc
307 1741 403 1784 uersu
419 1723 594 1802 prosodiam
610 1725 708 1786 nescio
724 1723 869 1786 uocabuli
884 1723 1044 1786 offensioni
1060 1741 1128 1786 essa
1144 1721 1248 1789 docuit

83 1825 186 1886 Luchs
198 1827 232 1908 ¹).
275 1827 363 1888 Certa
380 1825 500 1887 medela
524 1828 596 1888 huic
613 1829 717 1888 uersui
733 1826 834 1888 afferri
850 1827 967 1905 nequit,
987 1844 1069 1903 cum,
1095 1825 1248 1904 quomodo

86 1928 163 1988 haec
186 1931 337 1990 sententia
361 1949 432 1990 cum
456 1933 565 1991 cetaria
588 1929 733 1991 uersibus
750 1929 929 2007 cohaeserit,
948 1928 1134 1992 nesciamus.
1169 1930 1247 1990 Nom

84 2040 130 2092 esi
153 2031 250 2092 uerba
274 2051 307 2093 se
330 2051 391 2092 non
414 2041 495 2094 recte
518 2031 632 2094 habere
655 2030 816 2108 uidentur;
853 2031 981 2094 iortesse
1003 2050 1099 2111 praue
1122 2041 1246 2094 exarata

82 2143 160 2194 sunt
181 2153 238 2213 pro
261 2143 389 2197 actumst
410 2136 464 2196 uel
486 2134 646 2212 factumst:

171 2236 232 2298 de
253 2243 356 2300 nescio
380 2237 454 2318 quid
479 2241 625 2299 datumst:
659 2230 755 2298 dolini
777 2237 936 2312 horrescit,
969 2239 1067 2318 gliscit
1087 2237 1243 2319 condiant,

83 2340 165 2400 conl.
192 2340 273 2401 Eun.
301 2343 373 2401 640.
400 2343 469 2402 Hec.
497 2341 570 2418 300,
602 2341 652 2402 004
680 2349 822 2420 corrupta
854 2348 927 2400 sunt
948 2359 986 2400 ex
1009 2343 1150 2404 uocatiuo
1172 2361 1246 2405 casu

82 2443 219 2502 nominis
242 2442 388 2504 alicuius:
1239 2463 1241 2468 ⁴

171 2545 232 2606 Se'd
254 2547 356 2628 nescio
380 2546 465 2625 quid,
492 2545 515 2590 -'
538 2561 572 2624 υ,
599 2548 693 2608 dnirni
716 2547 872 2624 horrescit,
899 2546 999 2625 gliscit
1020 2544 1182 2626 gaudiani,¹

83 2667 161 2709 sane
184 2646 407 2727 mihiquidem
436 2649 586 2712 eiusmodi
616 2659 788 2713 structurae
819 2650 868 2713 hic
895 2649 981 2710 locus
1010 2667 1078 2710 assa
1107 2649 1242 2728 uidetur,

82 2759 191 2829 utpote
215 2771 295 2831 quae
318 2751 361 2812 ad'
381 2751 592 2830 depingendos
615 2754 711 2834 animi
732 2753 868 2832 aiiectus²
895 2771 972 2831 quos
996 2752 1080 2815 unde
1103 2754 1246 2830 proficis-

81 2862 195 2915 cantur
216 2855 389 2932 ignorantes
413 2865 514 2916 tamen
539 2858 705 2934 sentimus,
740 2857 864 2935 saepius
892 2855 1074 2916 adhibeatur
1097 2864 1132 2916 ut
1152 2857 1241 2917 hiere.

82 2957 158 3015 360.
186 2956 260 3035 374,
287 2959 394 3019 lleaut.
422 2960 494 3036 236,
522 2959 593 3020 Hec.
612 2959 673 3018 300
692 2965 762 3018 cett.
798 2957 912 3018 Sedin
936 2958 1245 3039 sequentibusque·
1354 2963 1355 2966 ’

81 3077 144 3137 que
168 3059 275 3119 uerbis
297 3061 356 3120 uiri
380 3058 460 3124 docti
483 3079 540 3122 suo
568 3062 634 3124 iura
658 3061 793 3124 haesisse
820 3061 987 3122 uidentur·
1015 3063 1112 3124 Possit
1134 3064 1245 3144 aliquis

84 3158 167 3222 hanc
189 3162 253 3222 lere
276 3163 347 3224 huic
369 3166 476 3226 uersui
499 3167 684 3226 sententiam
707 3163 836 3228 infuisse
859 3166 1051 3230 existimare:

171 3264 232 3325 Sed
254 3267 357 3326 nescio
380 3269 434 3345 qul
455 3268 552 3329 semul
572 3269 667 3328 dnirni
689 3267 838 3327 horrescit
860 3271 948 3348 dique
970 3268 1069 3347 gliscit
1084 3267 1242 3348 gandium.

85 3367 137 3449 (de
161 3370 216 3448 qni
237 3367 307 3429 uide
330 3367 435 3430 hiran.
462 3369 546 3449 apud
570 3370 660 3432 nibb.
688 3369 959 3448 (1000480409,
986 3371 1028 3430 Pl.
1053 3371 1141 3434 Mera.
1169 3370 1241 3446 374,

81 3472 146 3534 258
171 3469 243 3552 etc.)
270 3472 336 3532 uel:

171 3573 232 3636 Se'd
254 3576 356 3636 nescio
379 3577 432 3656 qni
457 3589 518 3636 risco
543 3579 584 3638 dm
607 3578 706 3638 animo
730 3577 838 3636 horror
862 3577 934 3654 exit,
966 3576 1065 3656 gliscit
1084 3575 1240 3657 gaudinos.

168 3779 269 3842 Simili
291 3779 381 3844 modo
403 3789 496 3860 atqua
512 3783 609 3846 nescio
626 3783 693 3862 quis
709 3790 763 3843 etc.
790 3783 880 3843 etiarn
905 3781 1080 3845 incredibile
1100 3791 1243 3865 queritari

77 3883 175 3946 uerba
199 3882 317 3944 larcin
341 3903 436 3948 unam
461 3887 615 3948 notionem
639 3885 789 3948 coaluisse
818 3885 947 3967 ideoque
978 3906 1049 3948 cum
1079 3886 1244 3948 indicatiuo

76 3989 241 4049 coniuncta
266 4005 333 4048 essa
358 3987 517 4052 uidentur:
1269 3994 1273 4000 '

75 4125 286 4138 *u-

148 4210 173 4270 t)
196 4209 287 4258 Herm.
312 4209 342 4258 Vi
362 4224 387 4275 p.
409 4215 467 4261 070.
510 4205 513 4211 ’
