3116 5020
348 407 389 466 De
412 409 540 468 Srnrnxr
564 407 843 467 lnrnnnesnrronvn
866 407 1064 478 Onnrnvnnvs.
1228 405 1288 466 251

124 585 164 639 Pl.
192 585 274 655 Capi.
304 586 363 639 448
391 582 435 654 (11,
465 587 493 652 4,
521 584 571 654 64)
596 581 683 657 dique
712 590 762 654 ul,
798 585 849 654 qui
879 584 968 640 lueris
998 592 1024 640 et
1052 584 1103 655 qui
1131 601 1206 640 necne
1238 585 1287 653 544,

690 688 854 745 meminisse
879 680 930 764 [ui]
956 689 1125 744 menineris.

124 791 192 846 Ter.
212 791 282 848 Hee.
303 793 364 849 296
385 783 441 866 (444,
465 794 492 858 4,
520 787 569 862 46)
625 791 684 844 lam
705 791 735 846 44
757 789 810 846 dne
832 806 879 857 re,
911 798 942 847 44
965 798 1081 859 taceam,
1108 791 1220 864 quoivis
1241 791 1291 864 sa-

694 893 746 948 eile
772 894 881 962 scitust,
908 910 995 966 quam
1018 893 1122 949 luerim
1143 896 1238 950 miser.

123 997 302 1068 Pomponius
329 990 424 1073 (Ribb.
450 996 530 1053 Gom.
556 1012 585 1066 p.
614 1001 686 1064 908,
717 987 785 1071 438)
815 995 849 1053 Si
863 997 960 1064 seiam,
981 995 1051 1066 qnid
1072 997 1144 1053 uelis
1153 991 1189 1074 ¹),
1208 1000 1291 1070 quasi

99 1172 101 1176 .
693 1101 771 1155 serui
794 1100 894 1155 eemiei
916 1100 1093 1155 conmirtilis.

125 1183 170 1258 Pl.
196 1204 269 1258 lind.
295 1197 447 1273 434444,
477 1205 506 1270 2,
533 1201 584 1274 44)
628 1202 712 1268 Quid,
737 1203 764 1258 54
786 1219 835 1274 eqo
858 1203 957 1271 seiam,
983 1202 1032 1272 qni
1055 1202 1216 1258 inuenerit?

192 1307 268 1362 Men.
298 1308 355 1364 dli
384 1302 456 1376 (llll,
484 1310 513 1372 2,
542 1304 590 1378 84)
625 1306 752 1376 Ecquid
777 1307 863 1362 tristis
887 1294 974 1386 (sim)
997 1313 1023 1361 et
1050 1306 1119 1376 quid
1150 1305 1202 1387 lie⁸
1222 1305 1293 1360 milri

696 1409 809 1478 dixerit,
835 1408 909 1480 senen
931 1409 1014 1464 54445.

191 1509 270 1567 Asin.
301 1511 358 1568 449
388 1503 420 1586 (1,
448 1517 477 1579 4,
507 1504 555 1586 44)
624 1511 684 1582 Ερο
707 1511 806 1584 edepol
827 1513 987 1585 roseriam,
1014 1519 1045 1568 44
1067 1527 1142 1582 quae
1165 1512 1203 1566 sis
1217 1527 1292 1565 eene

695 1622 721 1670 et
742 1631 817 1685 quse
840 1615 941 1682 444445,
966 1615 1049 1670 scias.

190 1715 272 1772 Asin.
299 1721 357 1774 994
388 1709 430 1792 (V,
459 1722 488 1786 2,
516 1709 564 1793 69)
622 1717 695 1790 senne
711 1717 796 1786 scias,
822 1716 896 1786 Quid
911 1716 1012 1791 pericli
1027 1718 1063 1773 sil
1079 1717 1191 1774 dolatae
1206 1718 1292 1772 uereri

695 1821 797 1876 eitiem
820 1821 920 1877 dicere.

191 1924 271 1978 Trin.
299 1927 337 1980 63
365 1915 398 1998 (4,
426 1927 453 1992 4,
483 1916 532 2000 44)
621 1923 662 1980 Ν4
685 1931 715 1980 44
738 1923 826 1980 hercle
855 1924 928 1997 seme
959 1923 1017 1979 hau
1046 1923 1170 1990 4454445,
1203 1936 1291 1990 quam

333 2003 335 2008 Ι
697 2042 755 2082 rem
778 2028 883 2096 egeris.

198 2128 303 2185 Bacch.
324 2133 384 2186 989
413 2123 483 2201 (4444,
504 2133 534 2200 9,
555 2122 605 2206 69)
637 2130 666 2186 Vi
688 2130 772 2199 54445,
797 2146 873 2200 quae
896 2129 940 2184 444
962 2131 1068 2202 scripte
1090 2129 1155 2185 sint.

126 2235 244 2290 Ennius
270 2229 364 2304 (444444).
390 2233 473 2304 Trng.
498 2248 529 2302 p.
558 2235 606 2303 69,
636 2227 707 2310 369)
734 2233 861 2305 Namque
880 2231 1175 2306 reanumseppelebai
1195 2233 1245 2300 mi,
1263 2240 1295 2288 ut

697 2336 780 2405 scias,
807 2340 915 2406 quante
938 2352 953 2392 e
975 2336 1048 2402 loeo,

624 2435 743 2508 Quantis
767 2437 885 2512 opibus,
918 2437 1024 2510 quibus
1050 2438 1083 2494 de
1104 2437 1187 2494 rebus
1211 2439 1292 2512 lapse

695 2542 813 2614 fortuna
836 2541 957 2598 occidat.

123 2648 194 2702 Ter.
213 2647 316 2702 Heeni.
338 2649 397 2704 449
419 2641 477 2717 llll,
500 2651 527 2712 4,
549 2641 599 2718 49)
624 2660 692 2700 nam
719 2652 751 2700 44
778 2651 808 2699 44
837 2645 927 2712 scias,
960 2642 1051 2713 Quam
1081 2660 1114 2700 ea
1142 2660 1216 2701 4444
1243 2647 1291 2700 44-

693 2753 800 2804 54444444
819 2747 938 2822 pulchre
960 2748 998 2803 ad
1017 2749 1172 2820 perniciem
1194 2749 1258 2804 5444.

123 2854 168 2908 Pl.
194 2850 300 2923 Amph.
329 2855 388 2910 sel
417 2844 449 2928 (Ι,
477 2857 508 2919 3,
535 2845 585 2928 26)
627 2851 672 2908 444
693 2867 737 2907 me
753 2851 849 2924 prime
872 2851 1019 2923 deprime
1049 2852 1153 2920 seireS,
1179 2867 1237 2907 rem
1261 2857 1292 2907 ul

364 2979 367 2986 ¹
694 2954 847 3025 gessissem
865 2953 1023 3027 publicem.

123 3060 196 3114 Ter.
222 3059 297 3114 Eun.
326 3061 386 3114 366
413 3053 458 3130 lli,
487 3061 516 3126 3,
544 3055 594 3131 64)
627 3057 716 3114 Immo
739 3057 765 3112 si
786 3056 870 3124 54445,
899 3055 979 3127 quod
1002 3058 1107 3124 donum
1129 3056 1194 3112 4444
1216 3055 1290 3112 dene

372 3185 374 3188 ·
423 3171 425 3176 ’
695 3169 794 3218 eontra
815 3165 964 3230 conparet,
989 3190 1032 3200 -

119 3266 168 3320 Pl.
195 3264 280 3319 Cure.
308 3266 363 3318 344
398 3254 442 3339 (11,
472 3267 501 3331 3,
530 3256 578 3340 44)
629 3264 718 3320 Immo
742 3265 768 3319 44
790 3264 873 3331 44445,
899 3265 1037 3336 reliquiae
1058 3281 1134 3335 quae
1156 3264 1222 3320 sint.

121 3369 194 3423 Ter.
213 3367 315 3421 lleaul.
336 3367 395 3422 464
414 3363 484 3437 (4444,
506 3369 535 3435 6,
557 3361 606 3444 46)
626 3367 659 3423 44
684 3370 711 3422 si
746 3367 835 3435 54445,
877 3382 963 3438 quam
1000 3369 1069 3424 seile
1105 3369 1135 3424 in
1171 3375 1289 3424 mentem

694 3471 817 3526 uenerit.

121 3570 212 3629 Publ.
238 3571 329 3644 Syrus
354 3575 413 3629 376
436 3572 531 3629 Minue
552 3588 635 3645 saepe
654 3589 762 3644 pecces,
788 3573 814 3626 54
835 3573 918 3640 scias,
944 3573 1015 3643 qnid
1037 3562 1180 3647 nescies²l

120 3678 193 3733 Ter.
212 3673 302 3730 Andr.
322 3677 379 3732 734
407 3673 476 3746 (llll,
497 3680 527 3743 3,
551 3676 598 3746 46)
624 3683 656 3730 et
678 3674 748 3745 quid
771 3690 852 3744 agam
871 3692 959 3747 porro
982 3677 1138 3746 intellegas,

213 3779 282 3833 llec.
303 3781 362 3835 483
385 3771 442 3854 (lli,
473 3783 500 3846 4,
530 3776 557 3850 9)
617 3777 651 3834 44
671 3779 713 3834 sie
735 3779 827 3844 eitius,
846 3779 897 3848 qui
913 3787 938 3834 te
953 3779 1089 3850 expedies
1105 3779 1148 3835 iis
1171 3793 1287 3835 aerem·

695 3883 749 3949 4445,
776 3882 914 3952 reperias.

197 4117 221 4178 4)
241 4117 280 4166 An
299 4115 390 4166 4444444
407 4117 476 4167 uiis?

194 4201 220 4265 9)
242 4202 308 4266 qued
325 4203 352 4265 P,
373 4203 434 4266 quid
451 4202 568 4254 editores
587 4206 648 4254 anie
667 4203 859 4256 Woellllinnm.
