3176 5028
500 459 703 529 Qvlnsrmuss
726 477 879 520 nunninae.
1232 460 1269 520 21

108 626 191 704 bica,
224 625 279 687 sed
308 627 339 686 in
370 626 490 706 singula
519 613 616 689 uerba
643 627 817 707 diiambiaa,
847 647 927 708 qnae
948 628 1089 691 Plautum
1111 627 1274 691 admisisse

104 737 236 790 nonstat.
265 764 301 772 —
821 709 827 720 ⁶

196 831 335 910 Denique
358 830 398 893 de
420 833 565 895 uersibus
580 833 639 913 legi
660 842 783 894 nostrae
805 833 1002 896 obstantibus
1024 833 1177 896 eximendi
1199 842 1273 896 sunt

102 935 194 994 Most.
221 933 281 993 570
367 937 481 997 :Tutus
504 936 573 997 e'mit
594 935 678 996 aedis
699 934 796 1013 filiis.
845 939 974 999 nonan
995 935 1099 1014 side?

103 1037 197 1097 True.
213 1037 238 1096 ll
257 1035 287 1116 7,
304 1037 370 1098 30:
397 1033 559 1118 'Inpudeus
593 1039 755 1116 mecdstor,
792 1041 921 1120 Cyame,
961 1058 1001 1101 es.
1050 1040 1184 1120 'Eponei
1231 1037 1274 1100 Tri

441 1171 445 1192 ι
520 1139 618 1202 boui
638 1139 731 1220 fide.
784 1185 790 1192 .

100 1259 168 1303 non
191 1241 296 1302 minus
317 1243 411 1320 enim,
437 1260 531 1321 quam
547 1241 624 1304 illud
638 1243 754 1304 malam
770 1263 900 1323 enicem,
920 1263 1018 1307 unum
1034 1243 1123 1324 quasi
1138 1243 1270 1305 uerbum

100 1362 174 1405 esse
198 1341 277 1404 berea
298 1343 358 1424 fide
380 1344 538 1424 intelleges
561 1365 601 1406 ex

100 1444 176 1508 Aul.
192 1445 231 1506 lV
245 1446 295 1524 l0,
315 1448 370 1508 42:
401 1449 455 1509 lile
468 1447 545 1508 boue
553 1447 629 1528 pide:
645 1456 677 1509 tu
693 1448 725 1509 id
738 1467 851 1509 urorum
865 1451 924 1508 uin
939 1447 1149 1528 subrupuisti?
1171 1451 1267 1510 Bona.

100 1551 194 1629 Capt.
221 1549 284 1609 890
368 1571 374 1610 :
402 1552 467 1628 Die,
495 1549 592 1610 banau
612 1549 672 1631 fidi
686 1558 718 1612 tu
740 1552 784 1611 mi
805 1553 897 1612 istaec
911 1550 1006 1611 nerim
1021 1551 1148 1612 dimisti?
1170 1553 1268 1612 Bona.

100 1650 218 1713 Pseud.
248 1652 330 1713 1095
367 1673 374 1711 :
402 1653 507 1713 Boudu
528 1651 589 1729 fide
610 1660 686 1714 istuc
708 1653 808 1714 dicis?
841 1651 921 1713 Vnde
943 1672 981 1714 eu
1001 1655 1041 1715 sit
1062 1653 1146 1714 miii.

99 1754 282 1816 Persaeus
369 1775 375 1814 :
405 1755 485 1828 Qiriu
515 1752 570 1816 tibi
596 1773 642 1816 me
665 1754 730 1816 dico
753 1755 884 1817 credere.
935 1756 988 1816 Die
1011 1753 1088 1815 bina
1106 1756 1184 1836 fide:
1209 1756 1272 1816 iam

524 1855 674 1919 liberast?
1054 1853 1057 1860 ’

99 1961 154 2021 bie
175 1947 289 2022 ue'rsus
310 1961 445 2040 grauiter
468 1969 631 2038 corruptus
654 1979 693 2021 ex
708 1959 833 2022 duobus
849 1960 1075 2040 conglutinatus
1091 1979 1160 2022 esse
1175 1958 1269 2021 uide-

98 2071 165 2124 tur.
183 2097 229 2106 -
248 2062 335 2124 Vnus
358 2063 385 2123 is
415 2080 542 2140 uersum
577 2063 631 2143 qui
659 2061 812 2140 dirempta
842 2062 938 2124 babet
964 2062 1041 2124 ioue
1074 2062 1136 2142 fide
1156 2062 1271 2124 inserto

97 2163 258 2227 uocabulo
286 2166 393 2226 tertio:
429 2166 522 2226 Poen.
549 2164 606 2244 13,
626 2165 682 2225 30:
718 2167 768 2226 ltu
790 2166 837 2225 mi
858 2163 891 2224 di
911 2163 1067 2226 amnium.
1119 2166 1173 2225 Vin
1196 2163 1273 2225 bona

99 2268 207 2329 dicim
229 2266 312 2348 fide?
342 2267 444 2328 neseio
477 2286 516 2328 an
553 2278 583 2328 et
611 2269 679 2348 ipse
708 2265 906 2346 corrigendus
938 2269 979 2328 sit
1005 2269 1054 2328 in:
1092 2269 1146 2327 Vin
1172 2266 1272 2330 dicam

99 2369 393 2453 50115ῇά15).-

191 2474 254 2532 lam
278 2471 470 2534 disseramus
492 2470 532 2533 de
554 2471 664 2532 ceteris
687 2471 841 2550 uersibus²
872 2479 903 2532 et
924 2470 1057 2552 primum
1080 2469 1207 2550 quidem
1230 2470 1270 2533 de

100 2577 161 2653 eis,
189 2575 243 2653 qui
265 2573 354 2635 libris
376 2574 434 2635 alia
458 2573 678 2635 exhibentibus
701 2575 839 2635 uirorum
861 2571 1020 2634 doctorum
1042 2572 1168 2634 demum
1192 2591 1271 2634 eon-

100 2678 233 2738 iesturis
255 2675 416 2738 deformati
446 2685 529 2738 sunt.
577 2676 678 2756 Atque
707 2677 739 2736 in
769 2678 844 2737 satis
874 2694 984 2755 magno
1007 2694 1113 2737 eorum
1142 2694 1271 2737 numero

100 2781 209 2841 hiatus
232 2788 299 2840 erat
321 2798 413 2842 eausa
437 2779 539 2841 uitiosi
563 2778 644 2840 illius
666 2780 769 2840 exitus
791 2777 1007 2857 constituendi,
1035 2777 1122 2840 uelut

99 2881 192 2944 Asin.
220 2881 282 2942 775
307 2882 490 2962 Spengelins
518 2880 561 2963 (T.
587 2883 625 2942 M.
650 2880 776 2943 Plautus
798 2899 829 2959 p.
856 2879 928 2962 237)
954 2881 1069 2943 suasit:

236 2985 340 3064 Neque
361 2985 449 3046 illaec
469 2983 527 3046 ulii
543 2983 620 3066 pe'de
643 2981 754 3043 homini
771 2983 904 3063 pede'rn
924 2984 1084 3062 premit.

99 3089 180 3149 Cist.
207 3085 245 3148 lV
268 3089 298 3165 2,
326 3086 366 3146 87
390 3088 423 3149 C.
449 3088 481 3147 F.
507 3085 543 3148 G.
566 3084 732 3148 Muellerus
759 3084 810 3167 (Pl.
836 3086 918 3146 Pras
944 3104 975 3165 p.
1003 3084 1098 3166 537);

236 3191 308 3250 lstie
331 3187 449 3269 quidem
471 3188 576 3269 edepol
598 3187 716 3249 lidbitet
735 3190 794 3248 mei
816 3189 896 3248 uiri
917 3189 1045 3268 peuir.

98 3290 186 3354 liud.
215 3291 275 3350 l83
299 3292 426 3353 Bathins
448 3299 479 3352 et
500 3292 654 3351 Lomanus
680 3287 815 3371 (specim.
842 3308 874 3369 p.
900 3288 967 3370 60J:

237 3394 274 3454 Si
294 3391 378 3476 apid
397 3413 444 3455 me
465 3393 590 3469 esurus,
616 3391 692 3453 mibi
711 3395 834 3472 operdm
856 3392 949 3453 dari
971 3391 1070 3452 uold.

100 3500 194 3577 Capt.
222 3496 283 3557 373
309 3505 341 3559 et
362 3496 579 3558 Fleckeisenus
602 3504 634 3556 et
655 3496 776 3557 Brixius
798 3504 830 3556 et
851 3495 1033 3575 Spengelius
1051 3493 1089 3576 ,(l.
1116 3492 1166 3575 l.):

237 3599 387 3680 Sequere:
412 3601 457 3660 em
481 3598 536 3660 tibi
556 3597 713 3660 bominem.
760 3598 862 3660 Hibeo
883 3597 1051 3679 pretium
1074 3595 1155 3657 iiii.

99 3703 163 3766 llil.
180 3702 263 3764 1125
273 3701 460 3764 Ritsehelius
471 3701 722 3762 etFleekeisenus
735 3709 767 3762 et
775 3703 936 3762 Lorentius
949 3707 980 3759 et
987 3697 1169 3778 Spengelius
1176 3695 1205 3778 (l.
1218 3697 1266 3778 ¹·l²

237 3803 377 3866 'Obsecro
399 3821 463 3865 uos.
498 3804 609 3866 Siluite
632 3806 739 3866 istunc.
786 3802 886 3864 Hibeo
906 3800 1013 3884 prdti
1018 3803 1074 3861 dm
1097 3799 1179 3862 tibi.

99 3911 188 3971 llost.
219 3907 301 3966 1165
326 3906 508 3987 Spengelius
536 3906 565 3988 (l.
592 3905 641 3988 1.);

237 4009 274 4070 Si
295 4008 471 4090 dispudet,
498 4005 604 4087 secisse
625 4016 787 4089 sumptum,
813 4007 904 4068 iubeo
926 4005 1098 4088 supplici
1121 4006 1229 4066 satis.

101 4111 219 4180 Pseud.
247 4113 311 4172 315
334 4111 517 4192 Spengelius
544 4108 574 4192 (l.
602 4106 651 4191 l.):

236 4214 327 4279 Militi
348 4213 534 4280 Macedonio.
561 4220 599 4298 ,et
620 4211 682 4275 iam
704 4209 795 4276 tileo
819 4210 1040 4294 quindecim
1061 4209 1197 4276 uiuus.
