3176 5028
550 423 752 494 Qvlrsrrouus
777 441 928 484 uerutum.
1302 425 1322 484 9

161 593 252 672 igitur
266 591 391 652 duabus
413 591 473 652 illis
495 592 735 671 condicionibus
762 593 877 672 quibus
899 596 930 653 in
946 596 1007 654 arsi
1030 593 1119 674 pedis
1141 594 1321 672 paenultimi

160 695 315 775 syllabam
338 694 465 756 breuem
489 713 613 774 semper
640 678 765 758 concedi
795 695 941 775 diximus,
967 706 998 758 et
1017 698 1083 777 ipse
1098 697 1236 759 iambum
1259 698 1323 759 ad·

160 797 254 858 misit.
296 798 340 858 De
357 799 402 858 eis
424 806 527 859 autern
543 798 697 878 uersibus,
722 801 775 879 qui
791 797 963 861 secundum
980 800 1126 861 librorum
1145 801 1321 861 memoriam

159 900 211 963 uel
226 901 366 962 uirorum
380 899 538 962 doctorum
551 903 742 964 coniecturas
757 903 789 961 in
803 902 875 962 bina
887 903 1039 964 uocabula
1052 904 1182 964 iambica
1197 913 1318 983 exeant,

160 1023 231 1065 oum
255 1004 316 1063 iam
341 994 533 1066 Woelfflinus
556 1024 587 1085 p.
609 1004 649 1065 57
671 1005 814 1068 editionis
837 1024 918 1084 quae
941 1025 1019 1088 opus
1042 1017 1107 1068 erat
1129 1005 1319 1085 disseruerit,

160 1125 215 1186 ego
238 1107 332 1168 huius
356 1107 480 1186 quidem
503 1110 624 1188 generis
647 1103 746 1170 solum
769 1127 941 1189 persequar

261 1247 294 1288 u.
323 1226 395 1287 467:
423 1228 534 1306 Perdit,
561 1248 618 1290 ooo
642 1229 743 1307 donet,
770 1231 821 1289 coi
843 1230 934 1291 docet
955 1231 1014 1290 cisi
1036 1214 1080 1291 isi
1101 1248 1224 1290 memor.

160 1350 213 1409 oui
234 1348 371 1426 Bothius,
399 1351 452 1428 qui
472 1351 510 1424 F,
537 1348 628 1410 donat
649 1348 809 1427 GruteruS,
836 1349 889 1410 dot
910 1351 947 1426 F;
974 1368 1085 1410 mentor
1100 1349 1236 1428 lngolst,
1256 1371 1324 1410 me-

159 1451 259 1511 morio
275 1453 312 1526 F;
340 1451 483 1511 Bothius:
510 1451 627 1529 Perdis,
654 1471 712 1512 coo
735 1453 839 1528 docus,
865 1453 925 1512 nisi
945 1454 984 1514 sit
1004 1454 1054 1513 oui
1075 1453 1168 1514 doceis
1198 1472 1321 1514 memor.

158 1554 311 1626 Quamuis
344 1555 425 1614 onim
461 1554 582 1615 numeri
615 1555 655 1614 ita
687 1556 806 1632 possint
836 1553 976 1633 defendi,
1003 1565 1038 1616 ut
1067 1574 1129 1614 non
1158 1557 1245 1615 rrisist
1267 1555 1322 1615 sed

159 1657 214 1718 ois’
239 1665 281 1718 est
304 1656 466 1736 legendum
490 1675 558 1716 esse
581 1665 763 1736 statuamus,
790 1665 892 1718 tamen
916 1659 991 1717 haec
1013 1657 1232 1736 pronuntiandi
1248 1659 1324 1718 ratio

159 1760 265 1820 minus
288 1769 336 1819 est
361 1761 427 1820 ueri
457 1759 582 1820 similis:
615 1761 725 1820 nisisi
753 1768 938 1837 astantem,
971 1779 1050 1839 quae
1080 1769 1164 1820 esset
1184 1762 1324 1840 proxima

158 1872 189 1923 et
213 1862 371 1923 leuissima
396 1841 532 1939 mulatio,
559 1881 620 1923 non
644 1882 765 1923 omnem
789 1862 889 1923 aufert
915 1864 1131 1943 suspicionem,
1157 1863 1240 1943 quod
1262 1863 1324 1923 ab-

159 1968 258 2026 sentia
282 1963 412 2026 subiecti
436 1966 582 2025 maiorem
613 1965 707 2025 latere
734 1965 938 2043 corruptelam
969 1965 1172 2027 disertissime
1196 1963 1321 2027 indicat.

158 2052 260 2147 Atque
285 2068 341 2128 hoc
358 2068 430 2130 uitio
453 2076 616 2147 perspecto
631 2068 757 2128 Bothius
778 2064 818 2127 ad
840 2087 926 2145 eam,
953 2087 1046 2146 quam
1064 2069 1153 2130 modo
1169 2070 1325 2148 excripsi-

159 2191 241 2249 mus,
270 2172 470 2232 mutationem
495 2170 639 2250 confugit,
667 2189 746 2250 quae
762 2170 892 2232 sortasse
909 2171 1019 2232 melius
1038 2153 1121 2232 huno
1142 2173 1173 2232 in
1198 2172 1324 2233 modum

158 2286 225 2335 erat
254 2273 454 2352 proferenda:
485 2274 591 2334 Perdis
620 2292 678 2334 roc
707 2273 816 2347 donus,
849 2275 910 2333 cisi
936 2274 987 2334 coi
1009 2274 1104 2334 docos
1134 2277 1176 2335 est
1198 2294 1321 2335 retentor.

160 2376 263 2438 Altera
289 2375 475 2437 emendandi
498 2376 547 2436 uia
571 2385 655 2455 patet
678 2394 724 2454 ea,
743 2385 778 2436 ut
800 2375 897 2436 uerba
914 2377 945 2437 in
962 2377 1050 2436 tertia
1073 2395 1202 2455 persona
1226 2378 1324 2454 posita

159 2483 366 2557 retineamuS,
400 2478 440 2540 ad
471 2478 645 2540 subiectum
669 2489 773 2539 autem
797 2478 1009 2558 retingendum
1033 2499 1091 2539 ooo
1113 2488 1325 2561 permutemus

158 2586 191 2644 in
214 2585 285 2664 qui:
311 2581 414 2642 Perdit
437 2582 490 2663 qui
511 2583 611 2660 docet,
637 2583 704 2642 cisi
718 2583 769 2642 otti
791 2580 884 2641 donat
906 2583 948 2642 e'st
969 2601 1093 2642 mentor.
1115 2617 1152 2626 -
1177 2583 1224 2642 Ex
1248 2600 1322 2642 uer-

159 2686 249 2748 sibus
274 2686 361 2746 alteri
384 2685 443 2764 legi
465 2683 737 2745 obstantibus·eos
758 2682 939 2744 eximendos
962 2703 1040 2762 esse,
1067 2703 1199 2763 quorum
1222 2686 1325 2746 exitus

158 2792 199 2851 ita
223 2789 412 2866 compositus
435 2765 503 2864 sit,
523 2798 558 2848 ut
580 2786 714 2848 uerbum
737 2804 885 2865 paeonem
909 2796 1055 2865 quartum
1078 2787 1214 2847 efficiens
1237 2789 1327 2847 exci-

157 2893 265 2972 piatur
287 2880 385 2952 uerbo
407 2890 538 2950 iambico
568 2890 601 2970 (P
625 2907 648 2931 v
671 2905 696 2934 c
718 2887 742 2933 L
761 2889 766 2965 l
785 2905 810 2934 v
832 2887 880 2970 L),
904 2909 943 2949 ex
965 2890 1009 2949 eis
1032 2889 1160 2950 fortasse
1185 2889 1324 2950 concludi

157 3013 249 3073 posse
274 2992 407 3071 uidetur,
435 3012 515 3072 quae
537 2993 630 3072 paulo
652 2992 730 3053 inira
754 2990 793 3053 de
816 2991 920 3054 Plauto
945 2993 1148 3071 Terentioque
1179 2992 1327 3073 disputa-

158 3098 283 3166 bimus;
310 3094 452 3158 sedeam
469 3096 642 3159 secundum
660 3094 809 3156 librorum
825 3096 1002 3155 memoriam
1019 3114 1101 3156 unus
1118 3105 1237 3158 tantum
1254 3116 1324 3157 eum

157 3201 278 3261 exitum
301 3199 463 3280 praebeat:

238 3356 272 3397 u.
299 3337 377 3398 265:
404 3333 553 3396 Iniuriam
577 3353 667 3396 aures
689 3353 779 3416 poem
802 3334 882 3395 iculi
902 3333 1072 3414 (cicilit'ts
1092 3333 1238 3415 ferrici,

160 3474 214 3536 ubi
238 3474 306 3535 sine
331 3472 426 3535 dubio
455 3472 626 3553 praestabit
656 3473 830 3532 usitatiores
859 3490 1003 3532 numeros
1033 3473 1208 3532 restituere:
1241 3471 1327 3549 seici-

160 3576 218 3638 liris
241 3595 334 3658 qoam
358 3576 439 3636 oculi
461 3573 575 3654 ferini,
603 3595 635 3635 u.
651 3575 712 3633 3t8
730 3583 844 3651 autem,
871 3576 901 3633 in
918 3593 980 3652 quo
996 3567 1186 3634 Woelfflinus
1210 3571 1321 3633 edidit:

161 3683 249 3760 Mope'
271 3678 369 3756 ualet,
394 3679 447 3760 qui
469 3680 564 3739 rescit
585 3675 665 3756 quod
694 3676 908 3738 cdiomt'tds
939 3676 1047 3735 uole't
1081 3676 1121 3750 (in
1153 3673 1256 3735 codice
1279 3685 1326 3736 est

159 3783 240 3844 uolet
263 3779 446 3860 columitas),
473 3780 583 3842 melius
599 3780 690 3861 plane
712 3778 931 3859 proscribatur,
958 3777 1049 3837 etiam
1073 3797 1105 3838 u.
1129 3779 1189 3838 ili
1211 3779 1324 3858 Meyeri

160 3887 369 3946 coniecturam
385 3884 481 3944 hanc:
507 3886 572 3943 Noa
586 3887 704 3963 simper
726 3877 830 3942 eurem
846 3880 965 3961 [ciuilem
987 3879 1173 3958 fdciiitds
1195 3880 1320 3960 lebet,

165 3987 261 4067 (babet
274 3987 412 4067 facilites
428 3984 457 4066 F)
479 3987 510 4046 in
527 3987 734 4064 suspicionem
758 4001 868 4044 uocare
892 4000 953 4042 non
968 3981 1088 4043 dubito.
1129 3982 1229 4043 Potest
1251 3983 1323 4042 olim

166 4091 280 4152 luisse:
307 4091 374 4150 Noo
389 4092 506 4170 simper
520 4089 629 4167 faciles
651 4087 786 4168 [civilitas
809 4088 899 4146 cures
923 4084 1020 4146 iubet.
1043 4117 1078 4128 —
1098 4085 1197 4145 Ceteri
1213 4102 1324 4145 uersus

163 4194 309 4254 uitiosum
333 4193 451 4254 exitum
474 4189 660 4252 exhibentes
683 4210 723 4250 ex
739 4190 912 4251 coniectura
930 4185 1054 4249 demum
1077 4185 1230 4247 editorum
1246 4205 1324 4270 pro-
