3086 5024
307 428 350 488 Dr
373 429 501 489 Smrun
524 428 803 490 lnrrnnoorrronru
827 430 1026 501 Oatrorrnru.
1185 431 1243 492 165

159 597 190 678 d)
217 599 428 660 coniunctiores
451 601 621 678 optutibus:

82 705 116 760 ΡΙ.
142 707 204 761 Cas.
232 708 268 774 H,
300 711 327 773 i,
357 713 373 763 8
402 701 484 784 (183)
593 707 674 774 Quod
695 709 776 774 cotie,
800 708 883 764 modo
907 710 937 763 id
958 709 1042 764 uelim
1065 727 1108 764 mc
1129 713 1212 767 scire.

81 803 210 864 Dubium
236 823 300 866 non
323 814 380 882 est,
405 807 480 884 quin
506 805 588 880 Ouid
609 824 680 864 cum
697 807 719 864 B
735 804 932 867 scribendum
949 808 989 866 sit
1009 805 1096 879 (coni.
1116 808 1242 870 Mueller

80 905 258 985 nacbtraege
290 927 348 969 zur
373 908 416 987 pi.
450 926 497 988 pr.
529 925 559 986 p.
596 907 688 986 t04):
723 925 793 967 nam
824 908 855 967 iu
884 927 1051 987 pronomen
1079 909 1119 970 ad
1142 920 1238 973 totum

79 1008 271 1071 enuntiatum
303 1010 554 1090 interrogatiuum
585 1010 782 1071 referendum
812 1019 869 1070 ost.
895 1010 975 1071 cont.
1001 1031 1093 1091 supra
1119 1031 1149 1092 p.
1179 1015 1238 1074 trn

78 1110 144 1172 adn.
172 1113 183 1170 t
213 1121 301 1191 etp.
331 1113 398 1172 trs.

606 1417 634 1500 o.
672 1420 703 1480 a.

157 1626 314 1696 Quoniam
331 1623 623 1702 demonstrauimus,
635 1625 699 1687 sub
711 1625 827 1704 quibus
839 1624 1071 1687 condicionibus
1084 1628 1113 1686 in
1130 1647 1237 1688 enun-

78 1727 154 1786 tiatis
170 1727 401 1806 interrogatiuis
416 1744 496 1804 quae
512 1726 659 1790 dicuntur
673 1727 804 1807 obliquis
820 1728 913 1808 prisci
929 1729 1092 1806 scriptores
1115 1729 1237 1792 indica·
1300 1711 1304 1719 ’

79 1831 172 1889 tiuum
189 1830 363 1910 posuerint,
389 1828 428 1889 de
451 1831 496 1891 cis
520 1830 690 1892 rationibus
713 1848 916 1910 exponamus,
943 1830 1057 1909 quibus
1073 1832 1102 1891 in
1119 1832 1236 1894 eisdem

77 1931 366 2012 interrogationibus
388 1932 511 2011 proprie
534 1931 623 1993 dictis
647 1931 833 1993 indicatiuus
857 1931 962 1993 sedem
984 1951 1073 1994 suam
1094 1934 1153 1994 iam
1176 1953 1236 1995 non

75 2034 210 2096 obtinere
233 2034 380 2114 potuerit.

157 2138 329 2198 Docuimus
352 2145 454 2198 autem
477 2133 680 2197 indicatiuum
703 2135 776 2197 inde
799 2134 1016 2217 explicandum
1040 2155 1126 2215 esse,
1152 2139 1235 2216 quod

77 2240 135 2302 duo
156 2241 319 2302 enuntiata
348 2248 410 2301 tam
441 2240 510 2299 taxe
539 2239 750 2316 cohaererent,
785 2248 820 2300 ut
846 2247 1014 2318 utrumque
1043 2242 1235 2302 enuntiatum

76 2343 135 2402 iere
156 2363 214 2423 por
249 2362 283 2404 se
316 2352 398 2404 stare
420 2341 579 2405 uideretur
606 2339 693 2421 (conf.
719 2358 812 2421 supra
836 2361 907 2421 pag.
935 2342 1020 2424 tta).
1059 2342 1116 2404 Vbi
1146 2345 1238 2422 igitur

76 2464 209 2507 conexus
233 2443 384 2507 enuntiati
406 2443 544 2525 primarii
571 2452 603 2505 et
624 2443 797 2505 secundarii
819 2446 912 2505 artior
934 2463 1002 2506 esse
1025 2447 1132 2525 coepit,
1158 2465 1236 2507 con-

76 2549 248 2611 iunctiuum
273 2549 387 2626 requiri
409 2566 466 2626 par
488 2555 545 2608 est.
586 2545 689 2607 Artior
710 2565 784 2608 uero
806 2565 941 2608 conexus

646 2715 668 2796 ι)

75 2855 268 2915 artificiosius
291 2852 424 2915 efficitur
445 2873 479 2914 ea
504 2863 658 2914 structura
689 2852 829 2929 inprimis
858 2852 942 2930 apud
970 2862 1075 2930 poetas
1106 2855 1236 2914 comicos

75 2957 335 3035 frequentissima,
354 2974 434 3034 quae
449 2955 677 3035 anticipatio
693 2954 744 3015 uci
760 2950 932 3038 πρόληψις
953 2955 1100 3035 appellari
1123 2966 1233 3035 potest,

75 3078 132 3138 qua
154 3059 332 3121 subiectum
355 3057 503 3119 enuntiati
520 3056 694 3119 secundarii
711 3057 741 3116 in
759 3056 913 3118 obiectum
930 3059 1070 3137 primarii
1087 3068 1232 3120 mutatur.

76 3161 217 3224 Attamen
241 3179 303 3223 non
326 3179 460 3240 semper,
487 3159 541 3221 ubi
564 3159 672 3221 eadem
697 3177 757 3219 uox
788 3170 818 3220 et
848 3159 878 3219 in
907 3162 1063 3233 enuntiato
1092 3163 1237 3240 primario

74 3265 181 3328 obiecti
206 3275 239 3326 et
261 3266 295 3325 in
317 3262 498 3324 secundario
514 3262 644 3324 subiecti
661 3263 729 3323 uice
745 3261 893 3341 iungitur,
919 3265 1142 3341 anticipationis
1158 3267 1236 3326 arti-

77 3369 175 3429 {icium
201 3366 368 3443 babemus,
395 3369 488 3426 immo
503 3363 755 3444 distinguendum
771 3374 828 3443 est,
854 3374 959 3427 utrum
975 3367 1172 3428 accusatiuus
1188 3367 1237 3426 iiic

76 3489 106 3530 re
128 3490 202 3532 uera
227 3472 271 3531 sit
292 3467 464 3530 subiectum
488 3469 637 3530 enuntiati
661 3466 834 3529 secundarii
857 3466 913 3529 sed
939 3470 969 3528 in
993 3468 1144 3529 obiectum
1168 3469 1236 3548 pri-

75 3575 158 3634 marii
181 3571 345 3635 artificiose
361 3580 524 3649 mutatum,
550 3589 590 3630 an
606 3589 667 3631 non
683 3570 783 3630 solum
803 3588 836 3630 re
853 3589 926 3631 uera
942 3569 1116 3632 subiectum
1133 3589 1237 3632 enun-

74 3677 135 3735 tiati
159 3672 350 3752 secundarii,
376 3672 430 3734 sed
455 3673 546 3734 simui
569 3673 661 3734 etiam
686 3691 717 3732 re
733 3690 806 3732 uera
824 3671 976 3732 obiectum
993 3692 1062 3733 cum
1086 3674 1236 3734 enuntiati

75 3779 208 3856 primarii
246 3775 346 3838 uerbo
375 3777 549 3838 necessario
584 3773 842 3854 coniungendam.
893 3776 954 3834 iam
986 3778 1123 3854 Krueger
1158 3776 1238 3837 inter

75 3879 146 3940 haec
167 3878 232 3942 duo
256 3881 485 3942 enuntiatorum
509 3897 620 3959 genera
637 3875 875 3939 discernendum
892 3896 960 3938 csse
985 3877 1092 3955 sensit,
1117 3879 1237 3937 cumin

74 4001 200 4060 gramm.
228 3983 283 4043 lat.
309 4001 340 4062 p.
371 3984 428 4042 tou
453 3981 470 4064 §
494 3982 533 4042 65
558 3980 698 4042 doceret:
733 3979 801 4057 »Ost
824 3978 910 4040 bietct
932 3978 979 4041 die
1002 3979 1164 4060 beziebunp
1188 3980 1238 4040 des

76 4084 156 4146 uerbi
177 4084 243 4164 aus
259 4085 318 4146 dea
340 4084 452 4146 blossen
476 4085 633 4146 recreatio
663 4083 747 4144 einen
778 4082 995 4163 voitstundipeu
1024 4080 1138 4163 beprr'lf
1159 4081 1234 4142 dor:

76 4207 100 4246 a.
127 4187 154 4248 b.
182 4195 295 4267 egeto
317 4188 407 4262 noui;
441 4185 530 4248 ollem
560 4205 590 4247 es
614 4187 651 4246 ist
680 4187 709 4244 in
738 4183 808 4244 eben
838 4203 869 4245 so
893 4185 987 4245 uielen
1016 4185 1079 4245 und
1102 4183 1242 4264 aupleicb·
