3116 5020
328 367 369 426 Du
393 367 520 428 Sauram
546 369 827 430 isrsnronrrrosu
851 371 1051 440 Oruromuvn.
1212 369 1273 430 295

109 540 175 594 Ter.
204 540 321 598 Pirorur.
353 548 404 599 iii
438 537 470 618 (i,
499 549 528 611 t,
556 538 606 619 st)
633 545 732 600 Amore
751 547 851 617 coepit.
871 539 883 623 Η
901 547 969 600 Scin
992 545 1178 617 quantique
1201 561 1273 598 cua-

731 647 790 713 dut,
816 647 897 702 uide:

628 749 765 804 Postridie
787 750 825 803 od
845 767 931 804 cautu
952 758 1029 806 recto
1054 754 1160 823 pcryit,
1193 751 1273 806 oise-

733 860 792 907 crot
814 861 865 907 etc.

108 951 149 1006 Pl.
176 953 266 1008 itere.
297 958 355 1012 tos
386 948 417 1028 (1,
448 957 474 1018 i,
505 949 573 1029 iot)
634 955 743 1009 Vosmet
764 951 876 1023 uidete,
905 971 992 1024 quam
1014 955 1083 1009 uaiiri
1106 955 1189 1010 uelde
1210 955 1273 1024 pia-

734 1057 841 1111 cuerit:

628 1159 766 1214 Postridie
786 1159 921 1230 hospitem
936 1160 1017 1226 odeo,
1034 1177 1096 1227 oro,
1124 1165 1154 1214 ot
1171 1161 1274 1215 oendnt

732 1261 811 1315 mitt.

109 1361 174 1416 Ter.
204 1360 294 1420 Andr.
325 1367 385 1420 815
413 1359 457 1441 (V,
488 1367 514 1430 i,
542 1361 570 1438 6)
631 1365 717 1432 Vide,
751 1379 839 1434 quam
865 1365 979 1434 iniquos
1009 1365 1048 1418 sis
1072 1381 1144 1436 prce
1164 1365 1273 1421 studio:

731 1467 798 1521 dum
820 1465 850 1520 ici
870 1466 987 1537 efficies,
1013 1468 1201 1538 quodannis,

628 1570 723 1640 Neque
743 1569 860 1624 raedam
882 1565 1067 1640 beniyoitotin
1096 1585 1183 1642 neque
1206 1571 1275 1641 quid

729 1687 773 1726 me
795 1687 865 1737 ores,
893 1673 1009 1741 cognitor.

113 1773 191 1830 Vides
205 1771 348 1844 praebent
358 1773 487 1838 BCDPG,
506 1775 582 1841 Vide,
601 1775 679 1844 quod
696 1789 784 1828 sensu
799 1770 952 1842 flagitatur,
971 1773 1153 1843 Eugraphius
1167 1779 1196 1828 et
1211 1765 1270 1849 (E).

108 1877 180 1934 Cato
203 1882 278 1934 orat.
305 1877 330 1930 11
356 1875 443 1948 (iord.
469 1891 500 1946 p.
528 1879 579 1943 ³7,
609 1871 657 1951 te)
684 1876 752 1931 uide
774 1877 823 1938 sis,
850 1890 909 1945 quo
925 1877 987 1932 loco
1002 1893 1047 1931 res
1066 1874 1182 1948 putttec
1199 1877 1270 1931 siet:

529 1978 579 2033 uti
609 1978 661 2049 (sio
683 1979 787 2048 Haupt,
821 1980 863 2033 uti
892 1979 984 2034 codex
1007 1973 1167 2053 Frontonis)
1199 1979 1276 2051 qood

530 2083 573 2135 rei
591 2079 722 2153 publicae
744 2079 811 2135 bene
830 2081 965 2153 sconsam,
992 2081 1066 2135 nude
1086 2083 1207 2151 oratum
1223 2098 1274 2135 co-

527 2181 650 2254 niciam,
669 2199 744 2238 nunc
759 2183 831 2238 idem
846 2182 918 2237 iilud
931 2199 1087 2238 mernornre
1099 2199 1157 2237 non
1173 2183 1273 2248 audeo,

531 2300 565 2339 ae
587 2284 713 2340 inuidiae
733 2266 796 2339 siet.

107 2389 181 2442 Cato
198 2393 273 2444 orat.
292 2388 315 2456 Ι,
336 2393 374 2444 28
396 2380 483 2461 (iord.
504 2403 532 2456 p.
553 2391 605 2455 36,
628 2379 675 2461 rt)
698 2385 840 2455 videtote,
859 2391 967 2457 quanto
982 2403 1060 2442 secus
1076 2403 1126 2458 eye
1142 2387 1273 2442 iecerint:

106 2493 242 2565 apparet
263 2484 485 2564 expositionem
508 2491 648 2546 secutam
670 2501 748 2544 esse.

106 2593 139 2650 C.
161 2593 353 2663 Sempronius
367 2593 517 2652 Gracchus
539 2591 617 2662 apud
639 2591 750 2646 chaus.
769 2607 799 2662 p.
819 2594 878 2648 tio
898 2591 945 2646 ed.
965 2592 998 2644 Κ.
1021 2585 1129 2666 (Meyer
1148 2606 1178 2659 p.
1200 2585 1271 2666 ²28)

531 2691 649 2751 Pessimi
670 2692 811 2749 Tiberium
832 2695 950 2767 fratrem
971 2710 1062 2748 meum
1077 2695 1211 2763 optimum
1226 2695 1275 2748 in-

530 2791 707 2871 tersccarunt.
739 2797 792 2851 Em
806 2797 913 2860 uidete,
932 2811 1018 2865 quam
1037 2795 1174 2866 perpuri
1196 2797 1269 2849 siut:

104 2895 169 2954 siut
191 2891 242 2953 ed.
269 2894 291 2971 1,
310 2895 339 2954 si
364 2913 383 2954 a
414 2893 494 2958 iiber
514 2885 744 2972 Neapolitanus,
762 2893 819 2953 sim
830 2893 905 2954 Keii.
933 2891 1157 2952 Coniunctiuus
1171 2909 1275 2950 eucn-

105 2996 171 3060 sari
186 2995 242 3059 uix
256 2996 368 3074 poterit
380 2996 440 3056 nisi
452 2995 506 3072 ita,
524 3005 560 3056 ut
576 2994 673 3056 eructo
686 2995 902 3074 imperatiuum
918 2993 959 3056 ed
971 3013 1018 3071 ea,
1036 2997 1116 3072 quae
1131 2993 1203 3054 oiim
1219 3013 1275 3054 ee-

105 3105 295 3176 querentur,
319 3099 507 3176 pertinuisse
529 3105 622 3175 atquc
644 3106 796 3158 oratorem
818 3095 876 3158 hoc
899 3098 1081 3175 imperetiuo
1099 3094 1274 3157 auditorum

105 3200 231 3282 animos
247 3197 289 3264 ad
305 3217 354 3274 ca,
380 3218 462 3278 quac
476 3198 624 3276 deinceps
639 3209 839 3260 enarraturus
855 3207 948 3276 osset,
974 3197 1147 3260 aduenisse
1162 3199 1274 3259 existi*

106 3321 244 3364 memus.
283 3302 396 3366 Contra
411 3303 438 3364 si
453 3303 524 3382 quis
538 3301 635 3362 audete
650 3301 867 3381 imperatiuum
884 3299 923 3360 ad
938 3319 974 3361 ea
990 3319 1070 3380 quae
1085 3301 1276 3378 praecedunt

106 3402 275 3474 referenda
290 3421 360 3467 esso
374 3406 539 3481 censuerit,
559 3405 587 3464 ie
602 3411 672 3464 sum
687 3404 737 3464 uei
758 3401 848 3483 (duce
864 3402 969 3483 Keilio)
989 3421 1056 3464 snm
1072 3401 1274 3464 iudicatiuum

105 3507 224 3568 oratori
247 3504 358 3572 reddet
373 3504 535 3586 oportebit.
572 3504 714 3566 Attamen
730 3504 827 3566 libere
842 3505 988 3565 confiteor
1002 3503 1181 3564 ultimorum
1196 3525 1275 3566 uer-

107 3610 224 3676 borum
241 3625 370 3676 sensum
394 3625 444 3672 mo
466 3626 528 3670 non
544 3608 618 3668 satis
633 3608 768 3686 assequi.
804 3608 944 3667 Fortasse
959 3606 1081 3684 grauior
1103 3608 1275 3685 corruptela

104 3714 200 3787 latet,
236 3728 308 3770 cum
338 3710 521 3788 praesertim
553 3711 583 3769 in
611 3710 656 3770 eis
678 3707 784 3770 uerbis
806 3727 887 3788 quae
909 3707 1048 3785 proxime
1070 3716 1221 3770 secuntur
1243 3711 1276 3770 iu

104 3813 245 3880 editione
268 3811 406 3876 Keiiisrm
430 3821 477 3874 rat
497 3809 624 3889 quidam
648 3829 693 3870 em
715 3829 771 3891 pro
793 3830 829 3870 en
851 3810 961 3870 uolunt
983 3828 1062 3870 esse.
1099 3808 1155 3869 sed
1186 3809 1276 3874 decet

103 3915 393 3978 commemorationi
416 3911 568 3973 fraternae
590 3913 695 3972 mortis
718 3914 938 3992 ingemescere«
960 3911 1161 3990 particulae!
1183 3932 1276 3992 pror-

102 4038 166 4082 sus
182 4015 333 4078 abundet.
375 4015 485 4076 Nescio
507 4015 600 4093 igitur
620 4031 661 4074 en
684 4021 716 4073 ot
731 4014 848 4077 litterae
871 4013 911 4076 ad
926 4013 1097 4076 Gracchani
1112 4012 1277 4095 fragmenti

101 4121 230 4190 exitum
252 4119 358 4203 aliquo
380 4115 471 4181 modo
493 4116 712 4201 pertinuerint.
