<?xml version="1.0" encoding="UTF-8"?>
<!DOCTYPE html PUBLIC "-//W3C//DTD XHTML 1.0 Transitional//EN"
    "http://www.w3.org/TR/xhtml1/DTD/xhtml1-transitional.dtd">
<html xmlns="http://www.w3.org/1999/xhtml" xml:lang="en" lang="en">
 <head>
  <title>
</title>
<meta http-equiv="Content-Type" content="text/html;charset=utf-8" />
  <meta name='ocr-system' content='tesseract 3.04.00' />
  <meta name='ocr-capabilities' content='ocr_page ocr_carea ocr_par ocr_line ocrx_word'/>
</head>
<body>
  <div class='ocr_page' id='page_1' title='image "./studiainpriscos00studgoog_0047.png"; bbox 0 0 3176 5028; ppageno 0'>
   <div class='ocr_carea' id='block_1_1' title="bbox 308 463 1024 528">
    <p class='ocr_par' dir='ltr' id='par_1_1' title="bbox 308 463 1024 528">
     <span class='ocr_line' id='line_1_1' title="bbox 308 463 1024 528; baseline -0.004 0"><span class='ocrx_word' id='word_1_1' title='bbox 308 465 349 528; x_wconf 80' lang='lat'><strong>32</strong></span> <span class='ocrx_word' id='word_1_2' title='bbox 745 463 896 527; x_wconf 78' lang='lat' dir='ltr'><strong>Avorsrvs</strong></span> <span class='ocrx_word' id='word_1_3' title='bbox 920 467 1024 526; x_wconf 70' lang='lat' dir='ltr'><strong>Lucus.</strong></span> 
     </span>
    </p>
   </div>
   <div class='ocr_carea' id='block_1_2' title="bbox 304 633 1474 2043">
    <p class='ocr_par' dir='ltr' id='par_1_2' title="bbox 304 633 1474 2043">
     <span class='ocr_line' id='line_1_2' title="bbox 307 633 1474 717; baseline -0.005 -21"><span class='ocrx_word' id='word_1_4' title='bbox 307 637 343 697; x_wconf 95' lang='grc'><strong>0.</strong></span> <span class='ocrx_word' id='word_1_5' title='bbox 371 635 540 716; x_wconf 79' lang='lat' dir='ltr'><strong>Seyffertus</strong></span> <span class='ocrx_word' id='word_1_6' title='bbox 570 636 645 696; x_wconf 86' lang='lat' dir='ltr'>Phil.</span> <span class='ocrx_word' id='word_1_7' title='bbox 672 637 771 698; x_wconf 87' lang='lat' dir='ltr'>XXIX</span> <span class='ocrx_word' id='word_1_8' title='bbox 797 656 829 717; x_wconf 90' lang='lat' dir='ltr'><strong>p.</strong></span> <span class='ocrx_word' id='word_1_9' title='bbox 857 637 917 697; x_wconf 83' lang='lat'><strong>393</strong></span> <span class='ocrx_word' id='word_1_10' title='bbox 942 653 1069 716; x_wconf 91' lang='lat' dir='ltr'><strong>prorsus</strong></span> <span class='ocrx_word' id='word_1_11' title='bbox 1092 635 1169 708; x_wconf 89' lang='lat' dir='ltr'><strong>alias</strong></span> <span class='ocrx_word' id='word_1_12' title='bbox 1191 633 1232 696; x_wconf 93' lang='lat' dir='ltr'><strong>ob</strong></span> <span class='ocrx_word' id='word_1_13' title='bbox 1255 649 1366 693; x_wconf 81' lang='lat' dir='ltr'><strong>causas</strong></span> <span class='ocrx_word' id='word_1_14' title='bbox 1390 649 1474 710; x_wconf 87' lang='lat' dir='ltr'><strong>prc-</strong></span> 
     </span>
     <span class='ocr_line' id='line_1_3' title="bbox 306 739 425 818; baseline -0.025 -18"><span class='ocrx_word' id='word_1_15' title='bbox 306 739 425 818; x_wconf 81' lang='lat' dir='ltr'><strong>posuit:</strong></span> 
     </span>
     <span class='ocr_line' id='line_1_4' title="bbox 557 829 1194 922; baseline -0.003 -20"><span class='ocrx_word' id='word_1_16' title='bbox 557 837 603 903; x_wconf 79' lang='lat' dir='ltr'><strong>Aa</strong></span> <span class='ocrx_word' id='word_1_17' title='bbox 626 841 769 922; x_wconf 75' lang='lat' dir='ltr'><strong>Ie&#39;pionem</strong></span> <span class='ocrx_word' id='word_1_18' title='bbox 791 839 989 902; x_wconf 78' lang='lat' dir='ltr'><strong><em>adminiclum</em></strong></span> <span class='ocrx_word' id='word_1_19' title='bbox 1010 829 1055 902; x_wconf 79' lang='lat' dir='ltr'><strong>eis</strong></span> <span class='ocrx_word' id='word_1_20' title='bbox 1077 839 1194 901; x_wconf 83' lang='lat' dir='ltr'><strong>danunt</strong></span> 
     </span>
     <span class='ocr_line' id='line_1_5' title="bbox 476 940 1164 1029; baseline -0.004 -26"><span class='ocrx_word' id='word_1_21' title='bbox 476 1017 483 1029; x_wconf 40' lang='grc'><strong><em>,</em></strong></span> <span class='ocrx_word' id='word_1_22' title='bbox 557 945 629 1004; x_wconf 83' lang='lat' dir='ltr'><strong>Tam</strong></span> <span class='ocrx_word' id='word_1_23' title='bbox 651 945 713 1005; x_wconf 83' lang='lat' dir='ltr'><strong>inm</strong></span> <span class='ocrx_word' id='word_1_24' title='bbox 735 943 867 1024; x_wconf 74' lang='lat' dir='ltr'><strong>ediquem</strong></span> <span class='ocrx_word' id='word_1_25' title='bbox 889 940 1047 1024; x_wconf 78' lang='lat' dir='ltr'><strong>ccpncttbn</strong></span> <span class='ocrx_word' id='word_1_26' title='bbox 1070 959 1164 1004; x_wconf 83' lang='lat' dir='ltr'><strong>suom.</strong></span> 
     </span>
     <span class='ocr_line' id='line_1_6' title="bbox 391 1039 1464 1132; baseline -0.007 -26"><span class='ocrx_word' id='word_1_27' title='bbox 391 1042 476 1106; x_wconf 76' lang='lat' dir='ltr'><strong>Asin.</strong></span> <span class='ocrx_word' id='word_1_28' title='bbox 497 1043 570 1117; x_wconf 81' lang='lat'><strong>536,</strong></span> <span class='ocrx_word' id='word_1_29' title='bbox 597 1045 653 1107; x_wconf 93' lang='lat' dir='ltr'><strong>ubi</strong></span> <span class='ocrx_word' id='word_1_30' title='bbox 667 1046 792 1125; x_wconf 87' lang='lat' dir='ltr'><strong>scripsit</strong></span> <span class='ocrx_word' id='word_1_31' title='bbox 805 1045 1021 1107; x_wconf 82' lang='lat' dir='ltr'><strong>Fleckeisenus</strong></span> <span class='ocrx_word' id='word_1_32' title='bbox 1042 1041 1171 1132; x_wconf 85' lang='lat' dir='ltr'><strong>(codices</strong></span> <span class='ocrx_word' id='word_1_33' title='bbox 1193 1041 1345 1122; x_wconf 79' lang='lat' dir='ltr'><strong>praebent</strong></span> <span class='ocrx_word' id='word_1_34' title='bbox 1359 1039 1464 1122; x_wconf 69' lang='lat' dir='ltr'><strong>dontj:</strong></span> 
     </span>
     <span class='ocr_line' id='line_1_7' title="bbox 435 1144 1416 1228; baseline -0.002 -22"><span class='ocrx_word' id='word_1_35' title='bbox 435 1149 500 1208; x_wconf 82' lang='lat' dir='ltr'><strong>Non</strong></span> <span class='ocrx_word' id='word_1_36' title='bbox 521 1155 589 1210; x_wconf 83' lang='lat' dir='ltr'><strong>uoto</strong></span> <span class='ocrx_word' id='word_1_37' title='bbox 612 1148 662 1210; x_wconf 89' lang='lat' dir='ltr'><strong>tcd</strong></span> <span class='ocrx_word' id='word_1_38' title='bbox 683 1149 800 1224; x_wconf 84' lang='lat' dir='ltr'><strong>omdrc,</strong></span> <span class='ocrx_word' id='word_1_39' title='bbox 827 1148 881 1228; x_wconf 82' lang='lat' dir='ltr'><strong>qni</strong></span> <span class='ocrx_word' id='word_1_40' title='bbox 901 1145 1029 1225; x_wconf 69' lang='lat' dir='ltr'><strong>danum,</strong></span> <span class='ocrx_word' id='word_1_41' title='bbox 1056 1165 1117 1228; x_wconf 83' lang='lat' dir='ltr'><strong>quc</strong></span> <span class='ocrx_word' id='word_1_42' title='bbox 1138 1154 1279 1208; x_wconf 80' lang='lat' dir='ltr'><strong>amentur</strong></span> <span class='ocrx_word' id='word_1_43' title='bbox 1298 1144 1416 1224; x_wconf 75' lang='lat' dir='ltr'><strong>prdtie,</strong></span> 
     </span>
     <span class='ocr_line' id='line_1_8' title="bbox 305 1233 1472 1330; baseline -0.005 -20"><span class='ocrx_word' id='word_1_44' title='bbox 305 1250 474 1330; x_wconf 83' lang='lat' dir='ltr'><strong>aBergkio</strong></span> <span class='ocrx_word' id='word_1_45' title='bbox 504 1249 583 1312; x_wconf 90' lang='lat' dir='ltr'><strong>bene</strong></span> <span class='ocrx_word' id='word_1_46' title='bbox 606 1249 805 1312; x_wconf 90' lang='lat' dir='ltr'><strong>emendatum</strong></span> <span class='ocrx_word' id='word_1_47' title='bbox 834 1258 897 1310; x_wconf 86' lang='lat' dir='ltr'><strong>est:</strong></span> <span class='ocrx_word' id='word_1_48' title='bbox 933 1284 972 1296; x_wconf 73' lang='lat'><strong>›-</strong></span> <span class='ocrx_word' id='word_1_49' title='bbox 1003 1251 1056 1330; x_wconf 80' lang='lat' dir='ltr'><strong>qat&#39;</strong></span> <span class='ocrx_word' id='word_1_50' title='bbox 1083 1249 1173 1326; x_wconf 84' lang='lat' dir='ltr'><strong>dant,</strong></span> <span class='ocrx_word' id='word_1_51' title='bbox 1207 1233 1298 1330; x_wconf 79' lang='lat' dir='ltr'><strong>quo&#39;t&#39;a</strong></span> <span class='ocrx_word' id='word_1_52' title='bbox 1327 1253 1472 1307; x_wconf 81' lang='lat' dir='ltr'><strong>amentur</strong></span> 
     </span>
     <span class='ocr_line' id='line_1_9' title="bbox 304 1349 1470 1432; baseline -0.005 -19"><span class='ocrx_word' id='word_1_53' title='bbox 304 1353 418 1432; x_wconf 70' lang='lat' dir='ltr'><strong>pretia.</strong></span> <span class='ocrx_word' id='word_1_54' title='bbox 439 1385 480 1396; x_wconf 86' lang='lat'>-</span> <span class='ocrx_word' id='word_1_55' title='bbox 494 1349 543 1412; x_wconf 79' lang='lat' dir='ltr'><strong>Ab</strong></span> <span class='ocrx_word' id='word_1_56' title='bbox 559 1351 607 1412; x_wconf 88' lang='lat' dir='ltr'><strong>his</strong></span> <span class='ocrx_word' id='word_1_57' title='bbox 622 1353 715 1431; x_wconf 84' lang='lat' dir='ltr'><strong>igitur</strong></span> <span class='ocrx_word' id='word_1_58' title='bbox 731 1351 875 1414; x_wconf 87' lang='lat' dir='ltr'><strong>uersibus</strong></span> <span class='ocrx_word' id='word_1_59' title='bbox 897 1351 923 1411; x_wconf 89' lang='lat' dir='ltr'><strong>si</strong></span> <span class='ocrx_word' id='word_1_60' title='bbox 939 1353 1113 1430; x_wconf 77' lang='lat' dir='ltr'><strong>recesseris,</strong></span> <span class='ocrx_word' id='word_1_61' title='bbox 1132 1360 1236 1413; x_wconf 90' lang='lat' dir='ltr'><strong>tamen</strong></span> <span class='ocrx_word' id='word_1_62' title='bbox 1251 1357 1370 1410; x_wconf 83' lang='lat' dir='ltr'><strong>restant</strong></span> <span class='ocrx_word' id='word_1_63' title='bbox 1384 1365 1470 1408; x_wconf 90' lang='lat' dir='ltr'><strong>non-</strong></span> 
     </span>
     <span class='ocr_line' id='line_1_10' title="bbox 305 1441 843 1532; baseline 0 -19"><span class='ocrx_word' id='word_1_64' title='bbox 305 1453 384 1515; x_wconf 88' lang='lat' dir='ltr'>nulli</span> <span class='ocrx_word' id='word_1_65' title='bbox 406 1471 484 1532; x_wconf 90' lang='lat' dir='ltr'><strong>quos</strong></span> <span class='ocrx_word' id='word_1_66' title='bbox 507 1454 562 1514; x_wconf 82' lang='lat' dir='ltr'><strong>uix</strong></span> <span class='ocrx_word' id='word_1_67' title='bbox 583 1441 703 1516; x_wconf 83' lang='lat' dir='ltr'><strong>mutare</strong></span> <span class='ocrx_word' id='word_1_68' title='bbox 727 1453 843 1515; x_wconf 81' lang='lat' dir='ltr'><strong>licebit:</strong></span> 
     </span>
     <span class='ocr_line' id='line_1_11' title="bbox 306 1549 1450 1636; baseline -0.002 -20"><span class='ocrx_word' id='word_1_69' title='bbox 306 1554 385 1616; x_wconf 79' lang='lat' dir='ltr'><strong>liud.</strong></span> <span class='ocrx_word' id='word_1_70' title='bbox 414 1554 511 1616; x_wconf 72' lang='lat'>⁴367:</span> <span class='ocrx_word' id='word_1_71' title='bbox 539 1549 643 1618; x_wconf 86' lang='lat' dir='ltr'><strong>‘Immo</strong></span> <span class='ocrx_word' id='word_1_72' title='bbox 666 1557 777 1636; x_wconf 82' lang='lat' dir='ltr'><strong>bercto,</strong></span> <span class='ocrx_word' id='word_1_73' title='bbox 803 1565 836 1618; x_wconf 83' lang='lat' dir='ltr'><strong>ut</strong></span> <span class='ocrx_word' id='word_1_74' title='bbox 856 1557 936 1618; x_wconf 78' lang='lat' dir='ltr'><strong>scios</strong></span> <span class='ocrx_word' id='word_1_75' title='bbox 958 1556 1092 1636; x_wconf 78' lang='lat' dir='ltr'><strong>paudere</strong></span> <span class='ocrx_word' id='word_1_76' title='bbox 1114 1557 1169 1631; x_wconf 86' lang='lat' dir='ltr'><strong>me&#39;,</strong></span> <span class='ocrx_word' id='word_1_77' title='bbox 1195 1555 1272 1617; x_wconf 74' lang='lat' dir='ltr'><strong>miti</strong></span> <span class='ocrx_word' id='word_1_78' title='bbox 1293 1553 1450 1616; x_wconf 79' lang='lat' dir='ltr'><strong>triobolum</strong></span> 
     </span>
     <span class='ocr_line' id='line_1_12' title="bbox 538 1654 1074 1722; baseline -0.004 -2"><span class='ocrx_word' id='word_1_79' title='bbox 538 1654 595 1722; x_wconf 85' lang='lat' dir='ltr'><strong>&#39;Ob</strong></span> <span class='ocrx_word' id='word_1_80' title='bbox 616 1678 684 1720; x_wconf 85' lang='lat' dir='ltr'><strong>eom</strong></span> <span class='ocrx_word' id='word_1_81' title='bbox 705 1678 743 1721; x_wconf 84' lang='lat' dir='ltr'><strong>nc</strong></span> <span class='ocrx_word' id='word_1_82' title='bbox 764 1659 850 1720; x_wconf 80' lang='lat' dir='ltr'><strong>dats:</strong></span> <span class='ocrx_word' id='word_1_83' title='bbox 883 1659 1014 1720; x_wconf 73' lang='lat' dir='ltr'><strong>coredooo</strong></span> <span class='ocrx_word' id='word_1_84' title='bbox 1036 1667 1074 1720; x_wconf 89' lang='lat' dir='ltr'><strong>tc.</strong></span> 
     </span>
     <span class='ocr_line' id='line_1_13' title="bbox 441 1759 917 1842; baseline 0.006 -21"><span class='ocrx_word' id='word_1_85' title='bbox 441 1759 580 1842; x_wconf 80' lang='lat' dir='ltr'><strong>(tortasse</strong></span> <span class='ocrx_word' id='word_1_86' title='bbox 603 1763 647 1824; x_wconf 90' lang='lat' dir='ltr'><strong>Ne&#39;</strong></span> <span class='ocrx_word' id='word_1_87' title='bbox 667 1761 737 1824; x_wconf 78' lang='lat' dir='ltr'><strong>duis</strong></span> <span class='ocrx_word' id='word_1_88' title='bbox 759 1761 795 1822; x_wconf 88' lang='lat' dir='ltr'><strong>ob</strong></span> <span class='ocrx_word' id='word_1_89' title='bbox 817 1763 917 1838; x_wconf 72' lang='lat' dir='ltr'><strong>cami)</strong></span> 
     </span>
     <span class='ocr_line' id='line_1_14' title="bbox 305 1861 1244 1943; baseline -0.001 -20"><span class='ocrx_word' id='word_1_90' title='bbox 305 1861 416 1924; x_wconf 86' lang='lat' dir='ltr'><strong>Pseud.</strong></span> <span class='ocrx_word' id='word_1_91' title='bbox 433 1863 511 1926; x_wconf 74' lang='lat'><strong>432:</strong></span> <span class='ocrx_word' id='word_1_92' title='bbox 537 1865 611 1924; x_wconf 78' lang='lat' dir='ltr'><strong>Fors</strong></span> <span class='ocrx_word' id='word_1_93' title='bbox 631 1861 701 1943; x_wconf 70' lang='lat' dir='ltr'><strong>ficiat</strong></span> <span class='ocrx_word' id='word_1_94' title='bbox 723 1883 764 1925; x_wconf 81' lang='lat' dir='ltr'><strong>aa</strong></span> <span class='ocrx_word' id='word_1_95' title='bbox 786 1865 878 1926; x_wconf 80' lang='lat' dir='ltr'><strong>istaec</strong></span> <span class='ocrx_word' id='word_1_96' title='bbox 900 1864 984 1926; x_wconf 81' lang='lat' dir='ltr'><strong>dicto</strong></span> <span class='ocrx_word' id='word_1_97' title='bbox 1005 1865 1066 1926; x_wconf 77' lang='lat' dir='ltr'><strong>sent</strong></span> <span class='ocrx_word' id='word_1_98' title='bbox 1086 1863 1244 1924; x_wconf 76' lang='lat' dir='ltr'><strong>monoteta</strong></span> 
     </span>
     <span class='ocr_line' id='line_1_15' title="bbox 433 1960 1224 2043; baseline 0.001 -20"><span class='ocrx_word' id='word_1_99' title='bbox 433 1965 479 2024; x_wconf 90' lang='lat' dir='ltr'><strong>sic</strong></span> <span class='ocrx_word' id='word_1_100' title='bbox 500 1960 544 2040; x_wconf 84' lang='grc' dir='ltr'><strong>Α;</strong></span> <span class='ocrx_word' id='word_1_101' title='bbox 571 1964 644 2028; x_wconf 84' lang='lat' dir='ltr'><strong>BCD</strong></span> <span class='ocrx_word' id='word_1_102' title='bbox 667 1964 818 2043; x_wconf 88' lang='lat' dir='ltr'><strong>praebent</strong></span> <span class='ocrx_word' id='word_1_103' title='bbox 840 1969 978 2028; x_wconf 75' lang='lat' dir='ltr'><strong>Forsitan</strong></span> <span class='ocrx_word' id='word_1_104' title='bbox 1000 1987 1036 2028; x_wconf 87' lang='lat' dir='ltr'><strong>cc</strong></span> <span class='ocrx_word' id='word_1_105' title='bbox 1059 1964 1113 2026; x_wconf 82' lang='lat' dir='ltr'><strong>tibi</strong></span> <span class='ocrx_word' id='word_1_106' title='bbox 1134 1964 1224 2026; x_wconf 82' lang='lat' dir='ltr'><strong>dicta.</strong></span> 
     </span>
    </p>
   </div>
   <div class='ocr_carea' id='block_1_3' title="bbox 304 2063 1585 2149">
    <p class='ocr_par' dir='ltr' id='par_1_3' title="bbox 304 2063 1585 2149">
     <span class='ocr_line' id='line_1_16' title="bbox 304 2063 1585 2149; baseline -0.005 -23"><span class='ocrx_word' id='word_1_107' title='bbox 304 2067 393 2127; x_wconf 86' lang='lat' dir='ltr'><strong>Persa</strong></span> <span class='ocrx_word' id='word_1_108' title='bbox 453 2065 508 2124; x_wconf 74' lang='lat' dir='ltr'><strong>tt:</strong></span> <span class='ocrx_word' id='word_1_109' title='bbox 536 2067 588 2128; x_wconf 87' lang='lat' dir='ltr'><strong>Set</strong></span> <span class='ocrx_word' id='word_1_110' title='bbox 609 2067 708 2148; x_wconf 80' lang='lat' dir='ltr'><strong>rc&#39;cipe</strong></span> <span class='ocrx_word' id='word_1_111' title='bbox 731 2074 758 2128; x_wconf 89' lang='lat' dir='ltr'><strong>te</strong></span> <span class='ocrx_word' id='word_1_112' title='bbox 780 2066 926 2149; x_wconf 72' lang='lat' dir='ltr'><strong>quantine</strong></span> <span class='ocrx_word' id='word_1_113' title='bbox 946 2070 1043 2149; x_wconf 83' lang='lat' dir='ltr'><strong>potis:</strong></span> <span class='ocrx_word' id='word_1_114' title='bbox 1068 2085 1142 2128; x_wconf 78' lang='lat' dir='ltr'><strong>cene</strong></span> <span class='ocrx_word' id='word_1_115' title='bbox 1163 2063 1237 2144; x_wconf 74' lang='lat' dir='ltr'><strong>fetos</strong></span> <span class='ocrx_word' id='word_1_116' title='bbox 1252 2065 1295 2126; x_wconf 82' lang='lat' dir='ltr'><strong>mi</strong></span> <span class='ocrx_word' id='word_1_117' title='bbox 1316 2065 1348 2125; x_wconf 83' lang='lat' dir='ltr'><strong>in</strong></span> <span class='ocrx_word' id='word_1_118' title='bbox 1369 2081 1470 2144; x_wconf 82' lang='lat' dir='ltr'><strong>quoc-</strong></span> <span class='ocrx_word' id='word_1_119' title='bbox 1584 2073 1585 2084; x_wconf 61' lang='lat'>¹</span> 
     </span>
    </p>
   </div>
   <div class='ocr_carea' id='block_1_4' title="bbox 433 2170 1020 2351">
    <p class='ocr_par' dir='ltr' id='par_1_4' title="bbox 433 2170 1020 2351">
     <span class='ocr_line' id='line_1_17' title="bbox 721 2170 828 2232; baseline 0 -2"><span class='ocrx_word' id='word_1_120' title='bbox 721 2170 828 2232; x_wconf 80' lang='lat' dir='ltr'><strong>stione.</strong></span> 
     </span>
     <span class='ocr_line' id='line_1_18' title="bbox 433 2270 1020 2351; baseline 0.003 -21"><span class='ocrx_word' id='word_1_121' title='bbox 433 2270 667 2350; x_wconf 87' lang='lat' dir='ltr'><strong>Kampmannus</strong></span> <span class='ocrx_word' id='word_1_122' title='bbox 690 2273 849 2351; x_wconf 90' lang='lat' dir='ltr'><strong>proposuit</strong></span> <span class='ocrx_word' id='word_1_123' title='bbox 870 2291 945 2334; x_wconf 88' lang='lat' dir='ltr'><strong>caue</strong></span> <span class='ocrx_word' id='word_1_124' title='bbox 967 2274 1020 2334; x_wconf 82' lang='lat' dir='ltr'><strong>sis.</strong></span> 
     </span>
    </p>
   </div>
   <div class='ocr_carea' id='block_1_5' title="bbox 304 2361 1585 2460">
    <p class='ocr_par' dir='ltr' id='par_1_5' title="bbox 304 2361 1585 2460">
     <span class='ocr_line' id='line_1_19' title="bbox 304 2361 1585 2460; baseline -0.002 -28"><span class='ocrx_word' id='word_1_125' title='bbox 304 2372 395 2432; x_wconf 89' lang='lat' dir='ltr'><strong>Persa</strong></span> <span class='ocrx_word' id='word_1_126' title='bbox 431 2371 508 2435; x_wconf 79' lang='lat'><strong>256:</strong></span> <span class='ocrx_word' id='word_1_127' title='bbox 536 2372 670 2450; x_wconf 76' lang='lat' dir='ltr'><strong>Deretini,</strong></span> <span class='ocrx_word' id='word_1_128' title='bbox 697 2375 817 2454; x_wconf 79' lang='lat' dir='ltr'><strong>arpenti</strong></span> <span class='ocrx_word' id='word_1_129' title='bbox 839 2373 935 2436; x_wconf 67' lang='lat' dir='ltr'><strong>mittut</strong></span> <span class='ocrx_word' id='word_1_130' title='bbox 955 2361 1105 2460; x_wconf 77' lang='lat' dir='ltr'><strong>(compos)</strong></span> <span class='ocrx_word' id='word_1_131' title='bbox 1127 2381 1162 2434; x_wconf 81' lang='lat' dir='ltr'><strong>ut</strong></span> <span class='ocrx_word' id='word_1_132' title='bbox 1181 2373 1279 2454; x_wconf 73' lang='lat' dir='ltr'><strong>cqentt</strong></span> <span class='ocrx_word' id='word_1_133' title='bbox 1298 2387 1381 2451; x_wconf 82' lang='lat' dir='ltr'><strong>opem</strong></span> <span class='ocrx_word' id='word_1_134' title='bbox 1404 2369 1469 2430; x_wconf 82' lang='lat' dir='ltr'><strong>dd-</strong></span> <span class='ocrx_word' id='word_1_135' title='bbox 1584 2381 1585 2392; x_wconf 61' lang='lat'>¹</span> 
     </span>
    </p>
   </div>
   <div class='ocr_carea' id='block_1_6' title="bbox 304 2475 1465 2768">
    <p class='ocr_par' dir='ltr' id='par_1_6' title="bbox 304 2475 1465 2768">
     <span class='ocr_line' id='line_1_20' title="bbox 735 2494 820 2537; baseline -0.012 0"><span class='ocrx_word' id='word_1_136' title='bbox 735 2494 820 2537; x_wconf 70' lang='lat' dir='ltr'><strong>mona</strong></span> 
     </span>
     <span class='ocr_line' id='line_1_21' title="bbox 433 2475 1268 2658; baseline 0 -20"><span class='ocrx_word' id='word_1_137' title='bbox 433 2576 560 2639; x_wconf 90' lang='lat' dir='ltr'><strong>Bothius</strong></span> <span class='ocrx_word' id='word_1_138' title='bbox 583 2577 685 2638; x_wconf 91' lang='lat' dir='ltr'><strong>nescio</strong></span> <span class='ocrx_word' id='word_1_139' title='bbox 707 2475 747 2638; x_wconf 56' lang='lat' dir='ltr'><strong>ab</strong></span> <span class='ocrx_word' id='word_1_140' title='bbox 769 2586 850 2638; x_wconf 89' lang='lat' dir='ltr'><strong>recte</strong></span> <span class='ocrx_word' id='word_1_141' title='bbox 875 2579 936 2640; x_wconf 84' lang='lat' dir='ltr'><strong>Dot</strong></span> <span class='ocrx_word' id='word_1_142' title='bbox 955 2575 1037 2640; x_wconf 81' lang='lat' dir='ltr'><strong>ntiae</strong></span> <span class='ocrx_word' id='word_1_143' title='bbox 1060 2577 1188 2658; x_wconf 73' lang='lat' dir='ltr'><strong>arpenti.</strong></span> <span class='ocrx_word' id='word_1_144' title='bbox 1264 2617 1268 2622; x_wconf 90' lang='lat'>-</span> 
     </span>
     <span class='ocr_line' id='line_1_22' title="bbox 304 2677 1465 2768; baseline -0.006 -27"><span class='ocrx_word' id='word_1_145' title='bbox 304 2681 345 2741; x_wconf 91' lang='lat' dir='ltr'><strong>Et</strong></span> <span class='ocrx_word' id='word_1_146' title='bbox 365 2679 481 2741; x_wconf 87' lang='lat' dir='ltr'><strong>similes</strong></span> <span class='ocrx_word' id='word_1_147' title='bbox 505 2698 614 2754; x_wconf 83' lang='lat' dir='ltr'><strong>uersus</strong></span> <span class='ocrx_word' id='word_1_148' title='bbox 643 2688 724 2768; x_wconf 84' lang='lat' dir='ltr'><strong>certe</strong></span> <span class='ocrx_word' id='word_1_149' title='bbox 746 2681 797 2741; x_wconf 94' lang='lat' dir='ltr'><strong>alii</strong></span> <span class='ocrx_word' id='word_1_150' title='bbox 826 2698 950 2760; x_wconf 89' lang='lat' dir='ltr'><strong>quoque</strong></span> <span class='ocrx_word' id='word_1_151' title='bbox 978 2678 1062 2759; x_wconf 92' lang='lat' dir='ltr'><strong>apud</strong></span> <span class='ocrx_word' id='word_1_152' title='bbox 1084 2679 1226 2740; x_wconf 86' lang='lat' dir='ltr'><strong>Plautum</strong></span> <span class='ocrx_word' id='word_1_153' title='bbox 1253 2677 1465 2738; x_wconf 90' lang='lat' dir='ltr'><strong>inuenientur.</strong></span> 
     </span>
    </p>
   </div>
   <div class='ocr_carea' id='block_1_7' title="bbox 187 2780 1463 2863">
    <p class='ocr_par' dir='ltr' id='par_1_7' title="bbox 187 2780 1463 2863">
     <span class='ocr_line' id='line_1_23' title="bbox 187 2780 1463 2863; baseline -0.005 -19"><span class='ocrx_word' id='word_1_154' title='bbox 187 2845 190 2852; x_wconf 73' lang='grc'>,</span> <span class='ocrx_word' id='word_1_155' title='bbox 304 2784 411 2862; x_wconf 90' lang='lat' dir='ltr'><strong>ltaque</strong></span> <span class='ocrx_word' id='word_1_156' title='bbox 433 2783 460 2844; x_wconf 90' lang='lat' dir='ltr'><strong>si</strong></span> <span class='ocrx_word' id='word_1_157' title='bbox 483 2783 549 2845; x_wconf 86' lang='lat' dir='ltr'><strong>illos</strong></span> <span class='ocrx_word' id='word_1_158' title='bbox 564 2780 642 2843; x_wconf 86' lang='lat' dir='ltr'><strong>duos</strong></span> <span class='ocrx_word' id='word_1_159' title='bbox 660 2799 771 2844; x_wconf 87' lang='lat' dir='ltr'><strong>uersus</strong></span> <span class='ocrx_word' id='word_1_160' title='bbox 791 2781 891 2863; x_wconf 82' lang='lat' dir='ltr'><strong>(Pocn.</strong></span> <span class='ocrx_word' id='word_1_161' title='bbox 909 2783 921 2842; x_wconf 95' lang='lat' dir='ltr'><strong>l</strong></span> <span class='ocrx_word' id='word_1_162' title='bbox 940 2784 968 2859; x_wconf 85' lang='lat' dir='ltr'><strong>i,</strong></span> <span class='ocrx_word' id='word_1_163' title='bbox 988 2782 1039 2845; x_wconf 79' lang='lat'><strong>20.</strong></span> <span class='ocrx_word' id='word_1_164' title='bbox 1066 2781 1160 2842; x_wconf 86' lang='lat' dir='ltr'><strong>Stich.</strong></span> <span class='ocrx_word' id='word_1_165' title='bbox 1179 2781 1252 2863; x_wconf 73' lang='lat'><strong>202)</strong></span> <span class='ocrx_word' id='word_1_166' title='bbox 1272 2789 1463 2860; x_wconf 89' lang='lat' dir='ltr'><strong>ceterosque,</strong></span> 
     </span>
    </p>
   </div>
   <div class='ocr_carea' id='block_1_8' title="bbox 304 2883 1469 2964">
    <p class='ocr_par' dir='ltr' id='par_1_8' title="bbox 304 2883 1469 2964">
     <span class='ocr_line' id='line_1_24' title="bbox 304 2883 1469 2964; baseline -0.002 -19"><span class='ocrx_word' id='word_1_167' title='bbox 304 2886 337 2945; x_wconf 91' lang='lat' dir='ltr'><strong>in</strong></span> <span class='ocrx_word' id='word_1_168' title='bbox 369 2902 447 2964; x_wconf 90' lang='lat' dir='ltr'><strong>quos</strong></span> <span class='ocrx_word' id='word_1_169' title='bbox 479 2885 653 2946; x_wconf 87' lang='lat' dir='ltr'><strong>coniectura</strong></span> <span class='ocrx_word' id='word_1_170' title='bbox 686 2883 814 2946; x_wconf 92' lang='lat' dir='ltr'><strong>demum</strong></span> <span class='ocrx_word' id='word_1_171' title='bbox 846 2883 997 2946; x_wconf 88' lang='lat' dir='ltr'><strong>eiusmodi</strong></span> <span class='ocrx_word' id='word_1_172' title='bbox 1026 2883 1142 2945; x_wconf 83' lang='lat' dir='ltr'><strong>iormae</strong></span> <span class='ocrx_word' id='word_1_173' title='bbox 1172 2903 1208 2945; x_wconf 96' lang='lat' dir='ltr'><strong>ea</strong></span> <span class='ocrx_word' id='word_1_174' title='bbox 1239 2900 1350 2944; x_wconf 91' lang='lat' dir='ltr'><strong>uersus</strong></span> <span class='ocrx_word' id='word_1_175' title='bbox 1379 2890 1469 2963; x_wconf 86' lang='lat' dir='ltr'><strong>parte</strong></span> 
     </span>
    </p>
   </div>
   <div class='ocr_carea' id='block_1_9' title="bbox 233 2985 1585 3171">
    <p class='ocr_par' dir='ltr' id='par_1_9' title="bbox 233 2985 1585 3171">
     <span class='ocr_line' id='line_1_25' title="bbox 303 2985 1585 3067; baseline -0.002 -19"><span class='ocrx_word' id='word_1_176' title='bbox 303 2988 404 3049; x_wconf 92' lang='lat' dir='ltr'><strong>illatae</strong></span> <span class='ocrx_word' id='word_1_177' title='bbox 426 2996 516 3065; x_wconf 90' lang='lat' dir='ltr'><strong>sunt,</strong></span> <span class='ocrx_word' id='word_1_178' title='bbox 546 3005 608 3066; x_wconf 91' lang='lat' dir='ltr'><strong>qua</strong></span> <span class='ocrx_word' id='word_1_179' title='bbox 629 2986 767 3067; x_wconf 86' lang='lat' dir='ltr'><strong>spondeo</strong></span> <span class='ocrx_word' id='word_1_180' title='bbox 789 2987 967 3049; x_wconf 81' lang='lat' dir='ltr'><strong>trochaeum</strong></span> <span class='ocrx_word' id='word_1_181' title='bbox 989 2985 1190 3065; x_wconf 90' lang='lat' dir='ltr'><strong>iambumque</strong></span> <span class='ocrx_word' id='word_1_182' title='bbox 1218 2987 1344 3048; x_wconf 86' lang='lat' dir='ltr'><strong>Plautus</strong></span> <span class='ocrx_word' id='word_1_183' title='bbox 1369 3003 1468 3065; x_wconf 88' lang='lat' dir='ltr'><strong>prae-</strong></span> <span class='ocrx_word' id='word_1_184' title='bbox 1561 3001 1585 3054; x_wconf 73' lang='lat'><strong>,1</strong></span> 
     </span>
     <span class='ocr_line' id='line_1_26' title="bbox 233 3088 1585 3171; baseline 0.002 -22"><span class='ocrx_word' id='word_1_185' title='bbox 233 3111 235 3115; x_wconf 87' lang='lat'><em>·</em></span> <span class='ocrx_word' id='word_1_186' title='bbox 305 3088 438 3167; x_wconf 80' lang='lat' dir='ltr'><strong>serebat,</strong></span> <span class='ocrx_word' id='word_1_187' title='bbox 471 3091 532 3150; x_wconf 93' lang='lat' dir='ltr'><strong>iam</strong></span> <span class='ocrx_word' id='word_1_188' title='bbox 558 3108 620 3151; x_wconf 91' lang='lat' dir='ltr'><strong>non</strong></span> <span class='ocrx_word' id='word_1_189' title='bbox 642 3089 848 3152; x_wconf 89' lang='lat' dir='ltr'><strong>sollicitandos</strong></span> <span class='ocrx_word' id='word_1_190' title='bbox 870 3107 939 3151; x_wconf 89' lang='lat' dir='ltr'><strong>esse</strong></span> <span class='ocrx_word' id='word_1_191' title='bbox 961 3099 1105 3171; x_wconf 90' lang='lat' dir='ltr'><strong>apparet,</strong></span> <span class='ocrx_word' id='word_1_192' title='bbox 1138 3090 1232 3152; x_wconf 86' lang='lat' dir='ltr'><strong>altera</strong></span> <span class='ocrx_word' id='word_1_193' title='bbox 1256 3096 1406 3168; x_wconf 82' lang='lat' dir='ltr'><strong>exparte</strong></span> <span class='ocrx_word' id='word_1_194' title='bbox 1428 3106 1468 3148; x_wconf 90' lang='lat' dir='ltr'><strong>ne</strong></span> <span class='ocrx_word' id='word_1_195' title='bbox 1584 3121 1585 3152; x_wconf 69' lang='lat' dir='ltr'><strong>t</strong></span> 
     </span>
    </p>
   </div>
   <div class='ocr_carea' id='block_1_10' title="bbox 303 3189 1585 3477">
    <p class='ocr_par' dir='ltr' id='par_1_10' title="bbox 303 3167 1585 3477">
     <span class='ocr_line' id='line_1_27' title="bbox 304 3189 1464 3272; baseline -0.001 -20"><span class='ocrx_word' id='word_1_196' title='bbox 304 3192 332 3252; x_wconf 92' lang='lat' dir='ltr'><strong>ei</strong></span> <span class='ocrx_word' id='word_1_197' title='bbox 355 3190 482 3271; x_wconf 88' lang='lat' dir='ltr'><strong>quidem</strong></span> <span class='ocrx_word' id='word_1_198' title='bbox 505 3210 632 3272; x_wconf 90' lang='lat' dir='ltr'><strong>uersus,</strong></span> <span class='ocrx_word' id='word_1_199' title='bbox 663 3192 780 3272; x_wconf 91' lang='lat' dir='ltr'><strong>quibus</strong></span> <span class='ocrx_word' id='word_1_200' title='bbox 809 3192 923 3254; x_wconf 85' lang='lat' dir='ltr'><strong>iormae</strong></span> <span class='ocrx_word' id='word_1_201' title='bbox 952 3193 1022 3253; x_wconf 92' lang='lat' dir='ltr'><strong>illae</strong></span> <span class='ocrx_word' id='word_1_202' title='bbox 1050 3193 1144 3253; x_wconf 84' lang='lat' dir='ltr'><strong>alium</strong></span> <span class='ocrx_word' id='word_1_203' title='bbox 1167 3189 1279 3271; x_wconf 88' lang='lat' dir='ltr'><strong>pedem</strong></span> <span class='ocrx_word' id='word_1_204' title='bbox 1301 3199 1464 3272; x_wconf 90' lang='lat' dir='ltr'><strong>occupant,</strong></span> 
     </span>
     <span class='ocr_line' id='line_1_28' title="bbox 303 3293 1585 3373; baseline 0.002 -19"><span class='ocrx_word' id='word_1_205' title='bbox 303 3303 430 3373; x_wconf 87' lang='lat' dir='ltr'><strong>propter</strong></span> <span class='ocrx_word' id='word_1_206' title='bbox 451 3295 532 3355; x_wconf 88' lang='lat' dir='ltr'><strong>hanc</strong></span> <span class='ocrx_word' id='word_1_207' title='bbox 552 3295 648 3357; x_wconf 93' lang='lat' dir='ltr'><strong>solam</strong></span> <span class='ocrx_word' id='word_1_208' title='bbox 670 3313 796 3357; x_wconf 88' lang='lat' dir='ltr'><strong>causam</strong></span> <span class='ocrx_word' id='word_1_209' title='bbox 818 3293 1014 3373; x_wconf 92' lang='lat' dir='ltr'><strong>improbandi</strong></span> <span class='ocrx_word' id='word_1_210' title='bbox 1036 3304 1130 3370; x_wconf 76' lang='lat' dir='ltr'><strong>erunt</strong></span> <span class='ocrx_word' id='word_1_211' title='bbox 1138 3295 1172 3372; x_wconf 89' lang='lat'><strong>¹).</strong></span> <span class='ocrx_word' id='word_1_212' title='bbox 1202 3329 1241 3339; x_wconf 89' lang='lat'>-</span> <span class='ocrx_word' id='word_1_213' title='bbox 1584 3293 1585 3302; x_wconf 76' lang='grc'>’</span> 
     </span>
     <span class='ocr_line' id='line_1_29' title="bbox 390 3395 936 3477; baseline -0.005 -18"><span class='ocrx_word' id='word_1_214' title='bbox 390 3396 477 3477; x_wconf 83' lang='lat' dir='ltr'><strong>Gapt.</strong></span> <span class='ocrx_word' id='word_1_215' title='bbox 505 3398 560 3458; x_wconf 73' lang='lat'><strong>98⁴</strong></span> <span class='ocrx_word' id='word_1_216' title='bbox 590 3397 803 3460; x_wconf 87' lang='lat' dir='ltr'><strong>Fleckeisenus</strong></span> <span class='ocrx_word' id='word_1_217' title='bbox 826 3395 936 3460; x_wconf 88' lang='lat' dir='ltr'><strong>edidit:</strong></span> 
     </span>
    </p>
   </div>
   <div class='ocr_carea' id='block_1_11' title="bbox 433 3477 1585 3582">
    <p class='ocr_par' dir='ltr' id='par_1_11' title="bbox 433 3477 1585 3582">
     <span class='ocr_line' id='line_1_30' title="bbox 433 3477 1585 3582; baseline -0.007 -20"><span class='ocrx_word' id='word_1_218' title='bbox 433 3501 526 3562; x_wconf 78' lang='lat' dir='ltr'><strong>thsc</strong></span> <span class='ocrx_word' id='word_1_219' title='bbox 542 3509 699 3564; x_wconf 85' lang='lat' dir='ltr'><strong>memorat.</strong></span> <span class='ocrx_word' id='word_1_220' title='bbox 724 3499 784 3563; x_wconf 76' lang='lat' dir='ltr'><strong>Aet</strong></span> <span class='ocrx_word' id='word_1_221' title='bbox 797 3519 849 3582; x_wconf 79' lang='lat' dir='ltr'><strong>epo</strong></span> <span class='ocrx_word' id='word_1_222' title='bbox 865 3507 918 3562; x_wconf 86' lang='lat' dir='ltr'><strong>cut</strong></span> <span class='ocrx_word' id='word_1_223' title='bbox 933 3506 982 3560; x_wconf 83' lang='lat' dir='ltr'><strong>tu:</strong></span> <span class='ocrx_word' id='word_1_224' title='bbox 996 3501 1068 3560; x_wconf 82' lang='lat' dir='ltr'><strong>adm</strong></span> <span class='ocrx_word' id='word_1_225' title='bbox 1082 3495 1360 3580; x_wconf 74' lang='lat' dir='ltr'><strong>quadrimuttim</strong></span> <span class='ocrx_word' id='word_1_226' title='bbox 1384 3497 1463 3559; x_wconf 82' lang='lat' dir='ltr'><strong>tibi.</strong></span> <span class='ocrx_word' id='word_1_227' title='bbox 1584 3477 1585 3554; x_wconf 69' lang='lat'><strong><em>‡</em></strong></span> 
     </span>
    </p>
   </div>
   <div class='ocr_carea' id='block_1_12' title="bbox 304 3598 1463 3889">
    <p class='ocr_par' dir='ltr' id='par_1_12' title="bbox 304 3598 1463 3889">
     <span class='ocr_line' id='line_1_31' title="bbox 304 3598 1462 3684; baseline -0.002 -21"><span class='ocrx_word' id='word_1_228' title='bbox 304 3600 360 3664; x_wconf 88' lang='lat' dir='ltr'><strong>sed</strong></span> <span class='ocrx_word' id='word_1_229' title='bbox 381 3611 547 3684; x_wconf 86' lang='lat' dir='ltr'><strong>postquam</strong></span> <span class='ocrx_word' id='word_1_230' title='bbox 568 3602 813 3665; x_wconf 90' lang='lat' dir='ltr'><strong>demonstratum</strong></span> <span class='ocrx_word' id='word_1_231' title='bbox 829 3612 876 3665; x_wconf 92' lang='lat' dir='ltr'><strong>est</strong></span> <span class='ocrx_word' id='word_1_232' title='bbox 891 3602 947 3664; x_wconf 84' lang='lat' dir='ltr'><strong>tibi</strong></span> <span class='ocrx_word' id='word_1_233' title='bbox 960 3600 1044 3663; x_wconf 92' lang='lat' dir='ltr'><strong>haud</strong></span> <span class='ocrx_word' id='word_1_234' title='bbox 1066 3619 1135 3661; x_wconf 88' lang='lat' dir='ltr'><strong>raro</strong></span> <span class='ocrx_word' id='word_1_235' title='bbox 1157 3598 1297 3661; x_wconf 92' lang='lat' dir='ltr'><strong>iambum</strong></span> <span class='ocrx_word' id='word_1_236' title='bbox 1319 3619 1462 3680; x_wconf 88' lang='lat' dir='ltr'><strong>aequare,</strong></span> 
     </span>
     <span class='ocr_line' id='line_1_32' title="bbox 304 3703 1085 3787; baseline -0.005 -21"><span class='ocrx_word' id='word_1_237' title='bbox 304 3707 366 3767; x_wconf 92' lang='lat' dir='ltr'><strong>iam</strong></span> <span class='ocrx_word' id='word_1_238' title='bbox 389 3707 454 3787; x_wconf 86' lang='lat' dir='ltr'><strong>ipse</strong></span> <span class='ocrx_word' id='word_1_239' title='bbox 477 3705 700 3786; x_wconf 85' lang='lat' dir='ltr'><strong>comprobabit,</strong></span> <span class='ocrx_word' id='word_1_240' title='bbox 727 3705 811 3786; x_wconf 92' lang='lat' dir='ltr'><strong>quod</strong></span> <span class='ocrx_word' id='word_1_241' title='bbox 833 3705 903 3766; x_wconf 92' lang='lat' dir='ltr'><strong>libri</strong></span> <span class='ocrx_word' id='word_1_242' title='bbox 924 3703 1085 3766; x_wconf 77' lang='lat' dir='ltr'><strong>exhibent:</strong></span> 
     </span>
     <span class='ocr_line' id='line_1_33' title="bbox 434 3803 1463 3889; baseline -0.004 -21"><span class='ocrx_word' id='word_1_243' title='bbox 434 3808 528 3871; x_wconf 78' lang='lat' dir='ltr'><strong>Fdlta</strong></span> <span class='ocrx_word' id='word_1_244' title='bbox 550 3815 704 3869; x_wconf 77' lang='lat' dir='ltr'><strong>tremeret.</strong></span> <span class='ocrx_word' id='word_1_245' title='bbox 744 3803 804 3869; x_wconf 79' lang='lat' dir='ltr'><strong>not</strong></span> <span class='ocrx_word' id='word_1_246' title='bbox 824 3825 877 3889; x_wconf 82' lang='lat' dir='ltr'><strong>epo</strong></span> <span class='ocrx_word' id='word_1_247' title='bbox 900 3814 1026 3868; x_wconf 80' lang='lat' dir='ltr'><strong>cuttu:</strong></span> <span class='ocrx_word' id='word_1_248' title='bbox 1050 3806 1122 3867; x_wconf 82' lang='lat' dir='ltr'><strong>adm</strong></span> <span class='ocrx_word' id='word_1_249' title='bbox 1144 3805 1198 3866; x_wconf 83' lang='lat' dir='ltr'><strong>tibi</strong></span> <span class='ocrx_word' id='word_1_250' title='bbox 1226 3804 1463 3885; x_wconf 71' lang='lat' dir='ltr'><strong>quadrimulum.</strong></span> 
     </span>
    </p>
   </div>
   <div class='ocr_carea' id='block_1_13' title="bbox 303 4055 1585 4296">
    <p class='ocr_par' dir='ltr' id='par_1_13' title="bbox 303 4055 1585 4296">
     <span class='ocr_line' id='line_1_34' title="bbox 374 4055 1585 4126; baseline -0.005 -11"><span class='ocrx_word' id='word_1_251' title='bbox 374 4067 398 4126; x_wconf 86' lang='lat' dir='ltr'><strong>t)</strong></span> <span class='ocrx_word' id='word_1_252' title='bbox 418 4065 487 4115; x_wconf 87' lang='lat' dir='ltr'><strong>Men.</strong></span> <span class='ocrx_word' id='word_1_253' title='bbox 504 4068 569 4114; x_wconf 79' lang='lat' dir='ltr'><strong>tott</strong></span> <span class='ocrx_word' id='word_1_254' title='bbox 583 4063 757 4116; x_wconf 90' lang='lat' dir='ltr'><strong>scribendum</strong></span> <span class='ocrx_word' id='word_1_255' title='bbox 770 4068 812 4114; x_wconf 86' lang='lat' dir='ltr'><strong>est</strong></span> <span class='ocrx_word' id='word_1_256' title='bbox 824 4064 912 4116; x_wconf 72' lang='lat' dir='ltr'><strong>nocta</strong></span> <span class='ocrx_word' id='word_1_257' title='bbox 923 4067 1012 4115; x_wconf 75' lang='lat' dir='ltr'><strong>istunc.</strong></span> <span class='ocrx_word' id='word_1_258' title='bbox 1034 4055 1153 4112; x_wconf 80' lang='lat' dir='ltr'><strong>&#39;Obsecro</strong></span> <span class='ocrx_word' id='word_1_259' title='bbox 1165 4065 1197 4122; x_wconf 86' lang='lat' dir='ltr'><strong>to,</strong></span> <span class='ocrx_word' id='word_1_260' title='bbox 1213 4061 1345 4126; x_wconf 72' lang='lat' dir='ltr'><strong>qotsqot‘s,</strong></span> <span class='ocrx_word' id='word_1_261' title='bbox 1361 4074 1467 4124; x_wconf 81' lang='lat' dir='ltr'><strong>opernm</strong></span> <span class='ocrx_word' id='word_1_262' title='bbox 1584 4077 1585 4098; x_wconf 80' lang='lat'>1</span> 
     </span>
     <span class='ocr_line' id='line_1_35' title="bbox 303 4147 1585 4224; baseline -0.002 -26"><span class='ocrx_word' id='word_1_263' title='bbox 303 4151 370 4200; x_wconf 75' lang='lat' dir='ltr'><strong>mom</strong></span> <span class='ocrx_word' id='word_1_264' title='bbox 387 4149 454 4212; x_wconf 74' lang='lat' dir='ltr'><strong>duit,</strong></span> <span class='ocrx_word' id='word_1_265' title='bbox 473 4163 529 4224; x_wconf 86' lang='lat' dir='ltr'><strong>non</strong></span> <span class='ocrx_word' id='word_1_266' title='bbox 547 4153 583 4199; x_wconf 80' lang='lat' dir='ltr'><strong>mi</strong></span> <span class='ocrx_word' id='word_1_267' title='bbox 595 4154 622 4199; x_wconf 80' lang='lat' dir='ltr'><strong>ut</strong></span> <span class='ocrx_word' id='word_1_268' title='bbox 640 4151 712 4210; x_wconf 52' lang='lat' dir='ltr'><strong>dcte*</strong></span> <span class='ocrx_word' id='word_1_269' title='bbox 732 4163 793 4199; x_wconf 87' lang='lat' dir='ltr'><strong>uam</strong></span> <span class='ocrx_word' id='word_1_270' title='bbox 812 4151 835 4200; x_wconf 91' lang='lat' dir='ltr'><strong>si</strong></span> <span class='ocrx_word' id='word_1_271' title='bbox 854 4151 896 4200; x_wconf 80' lang='lat' dir='ltr'><strong>cb</strong></span> <span class='ocrx_word' id='word_1_272' title='bbox 914 4149 1043 4214; x_wconf 87' lang='lat' dir='ltr'><strong>praebent</strong></span> <span class='ocrx_word' id='word_1_273' title='bbox 1060 4149 1122 4200; x_wconf 81' lang='lat' dir='ltr'><strong>miti</strong></span> <span class='ocrx_word' id='word_1_274' title='bbox 1139 4149 1224 4206; x_wconf 79' lang='lat' dir='ltr'><strong>uides,</strong></span> <span class='ocrx_word' id='word_1_275' title='bbox 1245 4147 1297 4196; x_wconf 90' lang='lat' dir='ltr'><strong>boc</strong></span> <span class='ocrx_word' id='word_1_276' title='bbox 1315 4151 1410 4198; x_wconf 89' lang='lat' dir='ltr'><strong>natum</strong></span> <span class='ocrx_word' id='word_1_277' title='bbox 1428 4150 1468 4196; x_wconf 89' lang='lat' dir='ltr'><strong>est</strong></span> <span class='ocrx_word' id='word_1_278' title='bbox 1584 4161 1585 4168; x_wconf 53' lang='lat'>¹</span> 
     </span>
     <span class='ocr_line' id='line_1_36' title="bbox 305 4223 1356 4296; baseline -0.004 -12"><span class='ocrx_word' id='word_1_279' title='bbox 305 4248 339 4284; x_wconf 77' lang='lat' dir='ltr'><strong>en</strong></span> <span class='ocrx_word' id='word_1_280' title='bbox 356 4238 420 4287; x_wconf 82' lang='lat' dir='ltr'><strong>mibi</strong></span> <span class='ocrx_word' id='word_1_281' title='bbox 437 4223 495 4296; x_wconf 48' lang='grc' dir='ltr'><strong>ἀΐω</strong></span> <span class='ocrx_word' id='word_1_282' title='bbox 515 4235 541 4283; x_wconf 94' lang='lat' dir='ltr'><strong>in</strong></span> <span class='ocrx_word' id='word_1_283' title='bbox 561 4237 580 4284; x_wconf 87' lang='lat' dir='ltr'>B</span> <span class='ocrx_word' id='word_1_284' title='bbox 597 4237 660 4286; x_wconf 79' lang='lat' dir='ltr'><strong>mitt</strong></span> <span class='ocrx_word' id='word_1_285' title='bbox 677 4240 706 4286; x_wconf 80' lang='lat' dir='ltr'><strong>ut</strong></span> <span class='ocrx_word' id='word_1_286' title='bbox 724 4237 767 4286; x_wconf 75' lang='lat' dir='ltr'><strong>des</strong></span> <span class='ocrx_word' id='word_1_287' title='bbox 784 4241 934 4287; x_wconf 90' lang='lat' dir='ltr'><strong>correctum</strong></span> <span class='ocrx_word' id='word_1_288' title='bbox 954 4239 994 4284; x_wconf 89' lang='lat' dir='ltr'><strong>est</strong></span> <span class='ocrx_word' id='word_1_289' title='bbox 1012 4249 1044 4284; x_wconf 85' lang='lat' dir='ltr'><strong>ex</strong></span> <span class='ocrx_word' id='word_1_290' title='bbox 1062 4234 1158 4283; x_wconf 89' lang='lat' dir='ltr'><strong>eodem</strong></span> <span class='ocrx_word' id='word_1_291' title='bbox 1178 4233 1242 4282; x_wconf 78' lang='lat' dir='ltr'><strong>mibi</strong></span> <span class='ocrx_word' id='word_1_292' title='bbox 1259 4236 1288 4284; x_wconf 80' lang='lat' dir='ltr'><strong>ui</strong></span> <span class='ocrx_word' id='word_1_293' title='bbox 1305 4234 1356 4282; x_wconf 82' lang='lat' dir='ltr'><strong>dos.</strong></span> 
     </span>
    </p>
   </div>
   <div class='ocr_carea' id='block_1_14' title="bbox 0 0 1592 5028">
    <p class='ocr_par' dir='ltr' id='par_1_14' title="bbox 0 0 1592 5028">
     <span class='ocr_line' id='line_1_37' title="bbox 0 0 1592 5028; baseline 0 1"><span class='ocrx_word' id='word_1_294' title='bbox 0 0 1592 5028; x_wconf 95' lang='lat' dir='ltr'><strong> </strong></span> 
     </span>
    </p>
   </div>
  </div>
 </body>
</html>
