<?xml version="1.0" encoding="UTF-8"?>
<!DOCTYPE html PUBLIC "-//W3C//DTD XHTML 1.0 Transitional//EN"
    "http://www.w3.org/TR/xhtml1/DTD/xhtml1-transitional.dtd">
<html xmlns="http://www.w3.org/1999/xhtml" xml:lang="en" lang="en">
 <head>
  <title>
</title>
<meta http-equiv="Content-Type" content="text/html;charset=utf-8" />
  <meta name='ocr-system' content='tesseract 3.04.00' />
  <meta name='ocr-capabilities' content='ocr_page ocr_carea ocr_par ocr_line ocrx_word'/>
</head>
<body>
  <div class='ocr_page' id='page_1' title='image "./studiainpriscos00studgoog_0176.png"; bbox 0 0 3086 5024; ppageno 0'>
   <div class='ocr_carea' id='block_1_1' title="bbox 284 437 1251 544">
    <p class='ocr_par' dir='ltr' id='par_1_1' title="bbox 284 437 1251 544">
     <span class='ocr_line' id='line_1_1' title="bbox 284 437 1251 544; baseline 0.001 -37"><span class='ocrx_word' id='word_1_1' title='bbox 284 448 326 507; x_wconf 84' lang='lat' dir='ltr'><em>De</em></span> <span class='ocrx_word' id='word_1_2' title='bbox 348 448 474 510; x_wconf 77' lang='lat' dir='ltr'><em>Suum</em></span> <span class='ocrx_word' id='word_1_3' title='bbox 486 449 777 510; x_wconf 51' lang='lat' dir='ltr'><em>¹iuretutoenrtonvu</em></span> <span class='ocrx_word' id='word_1_4' title='bbox 800 449 999 519; x_wconf 72' lang='lat' dir='ltr'><em>Oueroueis.</em></span> <span class='ocrx_word' id='word_1_5' title='bbox 1161 450 1215 511; x_wconf 87' lang='grc'>161</span> <span class='ocrx_word' id='word_1_6' title='bbox 1230 437 1251 544; x_wconf 44' lang='grc'><em>·’</em></span> 
     </span>
    </p>
   </div>
   <div class='ocr_carea' id='block_1_2' title="bbox 62 618 1243 3867">
    <p class='ocr_par' dir='ltr' id='par_1_2' title="bbox 166 618 1142 700">
     <span class='ocr_line' id='line_1_2' title="bbox 166 618 1142 700; baseline 0.003 -25"><span class='ocrx_word' id='word_1_7' title='bbox 166 621 261 676; x_wconf 79' lang='lat' dir='ltr'><em>Andr.</em></span> <span class='ocrx_word' id='word_1_8' title='bbox 289 625 348 678; x_wconf 85' lang='lat'><em>383</em></span> <span class='ocrx_word' id='word_1_9' title='bbox 378 618 423 698; x_wconf 83' lang='grc' dir='ltr'>(ΙΙ,</span> <span class='ocrx_word' id='word_1_10' title='bbox 451 627 480 692; x_wconf 91' lang='grc'><em>3,</em></span> <span class='ocrx_word' id='word_1_11' title='bbox 509 618 536 700; x_wconf 99' lang='grc'><em>9)</em></span> <span class='ocrx_word' id='word_1_12' title='bbox 600 625 676 680; x_wconf 84' lang='lat' dir='ltr'>Cedo</span> <span class='ocrx_word' id='word_1_13' title='bbox 698 627 795 696; x_wconf 79' lang='lat' dir='ltr'><em>ipitur,</em></span> <span class='ocrx_word' id='word_1_14' title='bbox 821 625 890 695; x_wconf 88' lang='lat' dir='ltr'><em>quid</em></span> <span class='ocrx_word' id='word_1_15' title='bbox 907 625 1025 691; x_wconf 62' lang='lat' dir='ltr'><em>&#39;facium</em></span> <span class='ocrx_word' id='word_1_16' title='bbox 1052 625 1142 680; x_wconf 86' lang='lat' dir='ltr'><em>Daue.</em></span> 
     </span>
    </p>

    <p class='ocr_par' dir='ltr' id='par_1_3' title="bbox 62 718 1224 801">
     <span class='ocr_line' id='line_1_3' title="bbox 62 718 1224 801; baseline 0.006 -24"><span class='ocrx_word' id='word_1_17' title='bbox 62 723 202 778; x_wconf 80' lang='lat' dir='ltr'><em>Pacuuius</em></span> <span class='ocrx_word' id='word_1_18' title='bbox 230 718 327 798; x_wconf 86' lang='lat' dir='ltr'><em>(Ribb.</em></span> <span class='ocrx_word' id='word_1_19' title='bbox 353 725 436 796; x_wconf 82' lang='lat' dir='ltr'><em>Treg.</em></span> <span class='ocrx_word' id='word_1_20' title='bbox 463 743 493 796; x_wconf 86' lang='lat' dir='ltr'><em>p.</em></span> <span class='ocrx_word' id='word_1_21' title='bbox 522 733 571 794; x_wconf 86' lang='lat' dir='ltr'><em>st,</em></span> <span class='ocrx_word' id='word_1_22' title='bbox 600 727 650 799; x_wconf 88' lang='grc'>36)</span> <span class='ocrx_word' id='word_1_23' title='bbox 674 728 992 798; x_wconf 65' lang='lat' dir='ltr'><em>..nequeuntem</em></span> <span class='ocrx_word' id='word_1_24' title='bbox 1012 728 1224 801; x_wconf 82' lang='lat' dir='ltr'><em>quodmemo-</em></span> 
     </span>
    </p>

    <p class='ocr_par' dir='ltr' id='par_1_4' title="bbox 62 830 1242 1318">
     <span class='ocr_line' id='line_1_4' title="bbox 424 830 1199 903; baseline 0.001 -19"><span class='ocrx_word' id='word_1_25' title='bbox 424 832 510 896; x_wconf 73' lang='lat' dir='ltr'><em>nare,</em></span> <span class='ocrx_word' id='word_1_26' title='bbox 536 831 662 903; x_wconf 75' lang='lat' dir='ltr'><em>effectum</em></span> <span class='ocrx_word' id='word_1_27' title='bbox 684 830 768 886; x_wconf 82' lang='lat' dir='ltr'><em>dabo.</em></span> <span class='ocrx_word' id='word_1_28' title='bbox 796 831 878 886; x_wconf 84' lang='lat' dir='ltr'><em>Coni.</em></span> <span class='ocrx_word' id='word_1_29' title='bbox 904 847 969 901; x_wconf 83' lang='lat' dir='ltr'><em>pag.</em></span> <span class='ocrx_word' id='word_1_30' title='bbox 1000 834 1057 886; x_wconf 71' lang='lat' dir='ltr'><em>tta</em></span> <span class='ocrx_word' id='word_1_31' title='bbox 1081 838 1142 887; x_wconf 86' lang='lat' dir='ltr'><em>not.</em></span> <span class='ocrx_word' id='word_1_32' title='bbox 1170 835 1199 885; x_wconf 89' lang='grc'><em>3.</em></span> 
     </span>
     <span class='ocr_line' id='line_1_5' title="bbox 143 923 639 1005; baseline 0.008 -21"><span class='ocrx_word' id='word_1_33' title='bbox 143 923 174 1005; x_wconf 84' lang='lat' dir='ltr'><em>b)</em></span> <span class='ocrx_word' id='word_1_34' title='bbox 202 927 390 988; x_wconf 77' lang='lat' dir='ltr'><em>coniunctim</em></span> <span class='ocrx_word' id='word_1_35' title='bbox 409 927 639 990; x_wconf 74' lang='lat' dir='ltr'><em>condicionalis:</em></span> 
     </span>
     <span class='ocr_line' id='line_1_6' title="bbox 62 1028 1242 1111; baseline 0.004 -26"><span class='ocrx_word' id='word_1_36' title='bbox 62 1033 147 1086; x_wconf 86' lang='lat' dir='ltr'><em>Ptnuti</em></span> <span class='ocrx_word' id='word_1_37' title='bbox 171 1033 250 1088; x_wconf 87' lang='lat' dir='ltr'><em>Rud.</em></span> <span class='ocrx_word' id='word_1_38' title='bbox 281 1038 360 1091; x_wconf 73' lang='lat' dir='ltr'><em>teet</em></span> <span class='ocrx_word' id='word_1_39' title='bbox 390 1029 431 1111; x_wconf 83' lang='lat' dir='ltr'><em>(V,</em></span> <span class='ocrx_word' id='word_1_40' title='bbox 461 1041 489 1104; x_wconf 75' lang='lat'><em>2,</em></span> <span class='ocrx_word' id='word_1_41' title='bbox 512 1030 567 1111; x_wconf 82' lang='grc'>36)</span> <span class='ocrx_word' id='word_1_42' title='bbox 595 1035 668 1104; x_wconf 87' lang='lat' dir='ltr'><strong>Quid</strong></span> <span class='ocrx_word' id='word_1_43' title='bbox 692 1037 759 1092; x_wconf 86' lang='lat' dir='ltr'><em>dare</em></span> <span class='ocrx_word' id='word_1_44' title='bbox 780 1037 863 1104; x_wconf 88' lang='lat' dir='ltr'><em>uelis,</em></span> <span class='ocrx_word' id='word_1_45' title='bbox 891 1038 939 1108; x_wconf 83' lang='lat' dir='ltr'><em>qui</em></span> <span class='ocrx_word' id='word_1_46' title='bbox 961 1039 1047 1092; x_wconf 78' lang='lat' dir='ltr'><em>istaec</em></span> <span class='ocrx_word' id='word_1_47' title='bbox 1070 1033 1120 1092; x_wconf 78' lang='lat' dir='ltr'><em>tibi</em></span> <span class='ocrx_word' id='word_1_48' title='bbox 1142 1028 1242 1092; x_wconf 54' lang='lat' dir='ltr'><em>inae?</em></span> 
     </span>
     <span class='ocr_line' id='line_1_7' title="bbox 436 1139 1170 1212; baseline -0.001 -18"><span class='ocrx_word' id='word_1_49' title='bbox 436 1140 517 1210; x_wconf 79' lang='lat' dir='ltr'><em>stipet</em></span> <span class='ocrx_word' id='word_1_50' title='bbox 539 1139 706 1212; x_wconf 79' lang='lat' dir='ltr'><em>indicetque,</em></span> <span class='ocrx_word' id='word_1_51' title='bbox 732 1139 876 1209; x_wconf 85' lang='lat' dir='ltr'>Eloquere</span> <span class='ocrx_word' id='word_1_52' title='bbox 896 1155 1016 1212; x_wconf 83' lang='lat' dir='ltr'><strong><em>propere</em></strong></span> <span class='ocrx_word' id='word_1_53' title='bbox 1038 1141 1170 1195; x_wconf 79' lang='lat' dir='ltr'><em>celeriter.</em></span> 
     </span>
     <span class='ocr_line' id='line_1_8' title="bbox 170 1236 1076 1318; baseline 0.003 -24"><span class='ocrx_word' id='word_1_54' title='bbox 170 1241 247 1294; x_wconf 83' lang='lat' dir='ltr'><em>itud.</em></span> <span class='ocrx_word' id='word_1_55' title='bbox 278 1245 358 1315; x_wconf 68' lang='lat'><em>⁴32⁹</em></span> <span class='ocrx_word' id='word_1_56' title='bbox 387 1236 429 1318; x_wconf 80' lang='lat' dir='ltr'><em>(V,</em></span> <span class='ocrx_word' id='word_1_57' title='bbox 458 1249 486 1309; x_wconf 75' lang='grc'><em>9,</em></span> <span class='ocrx_word' id='word_1_58' title='bbox 517 1241 564 1312; x_wconf 77' lang='lat' dir='ltr'><em>tt)</em></span> <span class='ocrx_word' id='word_1_59' title='bbox 593 1243 747 1313; x_wconf 84' lang='lat' dir='ltr'><em>Eloquere,</em></span> <span class='ocrx_word' id='word_1_60' title='bbox 775 1247 913 1313; x_wconf 84' lang='lat' dir='ltr'><em>quantum</em></span> <span class='ocrx_word' id='word_1_61' title='bbox 937 1242 1076 1315; x_wconf 61' lang='lat' dir='ltr'><em>postules</em></span> 
     </span>
    </p>

    <p class='ocr_par' dir='ltr' id='par_1_5' title="bbox 63 1334 1118 1420">
     <span class='ocr_line' id='line_1_9' title="bbox 63 1334 1118 1420; baseline 0.004 -24"><span class='ocrx_word' id='word_1_62' title='bbox 63 1334 115 1396; x_wconf 92' lang='lat' dir='ltr'><em>ubi</em></span> <span class='ocrx_word' id='word_1_63' title='bbox 136 1336 251 1398; x_wconf 83' lang='lat' dir='ltr'><em>eedem</em></span> <span class='ocrx_word' id='word_1_64' title='bbox 275 1338 411 1401; x_wconf 88' lang='lat' dir='ltr'><em>condicio</em></span> <span class='ocrx_word' id='word_1_65' title='bbox 433 1349 527 1419; x_wconf 84' lang='lat' dir='ltr'><em>etque</em></span> <span class='ocrx_word' id='word_1_66' title='bbox 550 1341 582 1400; x_wconf 89' lang='lat' dir='ltr'><em>in</em></span> <span class='ocrx_word' id='word_1_67' title='bbox 605 1359 637 1401; x_wconf 95' lang='lat' dir='ltr'><em>u.</em></span> <span class='ocrx_word' id='word_1_68' title='bbox 666 1340 748 1402; x_wconf 71' lang='lat' dir='ltr'><em>tete</em></span> <span class='ocrx_word' id='word_1_69' title='bbox 771 1338 1038 1420; x_wconf 80' lang='lat' dir='ltr'><em>subintellegenda</em></span> <span class='ocrx_word' id='word_1_70' title='bbox 1061 1350 1118 1400; x_wconf 89' lang='lat' dir='ltr'><em>est.</em></span> 
     </span>
    </p>

    <p class='ocr_par' dir='ltr' id='par_1_6' title="bbox 62 1442 1231 1710">
     <span class='ocr_line' id='line_1_10' title="bbox 62 1442 1227 1524; baseline 0.005 -28"><span class='ocrx_word' id='word_1_71' title='bbox 62 1444 124 1498; x_wconf 90' lang='lat' dir='ltr'><em>Ter.</em></span> <span class='ocrx_word' id='word_1_72' title='bbox 152 1445 246 1501; x_wconf 78' lang='lat' dir='ltr'><em>Andr.</em></span> <span class='ocrx_word' id='word_1_73' title='bbox 269 1451 328 1503; x_wconf 82' lang='grc'><em>667</em></span> <span class='ocrx_word' id='word_1_74' title='bbox 354 1442 423 1522; x_wconf 84' lang='lat'>(1111,</span> <span class='ocrx_word' id='word_1_75' title='bbox 454 1452 481 1512; x_wconf 86' lang='lat' dir='ltr'><em>t,</em></span> <span class='ocrx_word' id='word_1_76' title='bbox 504 1442 552 1524; x_wconf 79' lang='grc'>63)</span> <span class='ocrx_word' id='word_1_77' title='bbox 581 1449 651 1514; x_wconf 78' lang='lat' dir='ltr'><em>Elio,</em></span> <span class='ocrx_word' id='word_1_78' title='bbox 671 1449 716 1504; x_wconf 89' lang='lat' dir='ltr'><em>dic</em></span> <span class='ocrx_word' id='word_1_79' title='bbox 731 1447 810 1515; x_wconf 86' lang='lat' dir='ltr'><em>mihi,</em></span> <span class='ocrx_word' id='word_1_80' title='bbox 830 1451 856 1504; x_wconf 88' lang='lat' dir='ltr'><em>si</em></span> <span class='ocrx_word' id='word_1_81' title='bbox 871 1464 966 1504; x_wconf 86' lang='lat' dir='ltr'><em>omnes</em></span> <span class='ocrx_word' id='word_1_82' title='bbox 982 1449 1057 1503; x_wconf 77' lang='lat' dir='ltr'><em>hunc</em></span> <span class='ocrx_word' id='word_1_83' title='bbox 1073 1450 1227 1504; x_wconf 89' lang='lat' dir='ltr'><em>coniectum</em></span> 
     </span>
     <span class='ocr_line' id='line_1_11' title="bbox 633 1551 1231 1624; baseline -0.005 -18"><span class='ocrx_word' id='word_1_84' title='bbox 633 1555 663 1607; x_wconf 90' lang='lat' dir='ltr'><em>in</em></span> <span class='ocrx_word' id='word_1_85' title='bbox 679 1553 795 1624; x_wconf 89' lang='lat' dir='ltr'><em>nuptias</em></span> <span class='ocrx_word' id='word_1_86' title='bbox 812 1552 923 1606; x_wconf 83' lang='lat' dir='ltr'><em>Inimici</em></span> <span class='ocrx_word' id='word_1_87' title='bbox 942 1553 1054 1617; x_wconf 90' lang='lat' dir='ltr'><em>uellent,</em></span> <span class='ocrx_word' id='word_1_88' title='bbox 1078 1551 1231 1621; x_wconf 86' lang='lat' dir='ltr'><em>quodnisi</em></span> 
     </span>
     <span class='ocr_line' id='line_1_12' title="bbox 635 1654 995 1710; baseline -0.003 -1"><span class='ocrx_word' id='word_1_89' title='bbox 635 1654 785 1710; x_wconf 88' lang='lat' dir='ltr'><em>consilium</em></span> <span class='ocrx_word' id='word_1_90' title='bbox 808 1654 861 1710; x_wconf 77' lang='lat' dir='ltr'><em>troc</em></span> <span class='ocrx_word' id='word_1_91' title='bbox 883 1654 995 1708; x_wconf 79' lang='lat' dir='ltr'><em>darent..</em></span> 
     </span>
    </p>

    <p class='ocr_par' dir='ltr' id='par_1_7' title="bbox 64 1752 1229 1916">
     <span class='ocr_line' id='line_1_13' title="bbox 64 1752 1229 1830; baseline 0.001 -21"><span class='ocrx_word' id='word_1_92' title='bbox 64 1755 129 1810; x_wconf 85' lang='lat' dir='ltr'><em>Ceto</em></span> <span class='ocrx_word' id='word_1_93' title='bbox 153 1762 230 1810; x_wconf 85' lang='lat' dir='ltr'><em>orat.</em></span> <span class='ocrx_word' id='word_1_94' title='bbox 265 1756 351 1824; x_wconf 74' lang='lat' dir='ltr'><em>tiord.</em></span> <span class='ocrx_word' id='word_1_95' title='bbox 371 1772 436 1826; x_wconf 81' lang='lat' dir='ltr'><em>pag.</em></span> <span class='ocrx_word' id='word_1_96' title='bbox 459 1761 508 1824; x_wconf 76' lang='lat' dir='ltr'><em>ut,</em></span> <span class='ocrx_word' id='word_1_97' title='bbox 538 1752 564 1830; x_wconf 96' lang='grc'><em>9)</em></span> <span class='ocrx_word' id='word_1_98' title='bbox 594 1757 682 1825; x_wconf 86' lang='lat' dir='ltr'><em>Cedo,</em></span> <span class='ocrx_word' id='word_1_99' title='bbox 708 1758 734 1813; x_wconf 91' lang='lat' dir='ltr'><em>si</em></span> <span class='ocrx_word' id='word_1_100' title='bbox 744 1775 808 1814; x_wconf 80' lang='lat' dir='ltr'><em>¹uos</em></span> <span class='ocrx_word' id='word_1_101' title='bbox 832 1759 861 1812; x_wconf 89' lang='lat' dir='ltr'><em>in</em></span> <span class='ocrx_word' id='word_1_102' title='bbox 885 1773 916 1812; x_wconf 92' lang='lat' dir='ltr'><em>eo</em></span> <span class='ocrx_word' id='word_1_103' title='bbox 941 1758 1136 1822; x_wconf 71' lang='lat' dir='ltr'><em>lascescens,</em></span> <span class='ocrx_word' id='word_1_104' title='bbox 1161 1756 1229 1826; x_wconf 87' lang='lat' dir='ltr'><em>quid</em></span> 
     </span>
     <span class='ocr_line' id='line_1_14' title="bbox 649 1860 897 1916; baseline -0.004 -1"><span class='ocrx_word' id='word_1_105' title='bbox 649 1861 729 1916; x_wconf 90' lang='lat' dir='ltr'><em>atiud</em></span> <span class='ocrx_word' id='word_1_106' title='bbox 747 1860 897 1916; x_wconf 72' lang='lat' dir='ltr'><em>fecissetis.</em></span> 
     </span>
    </p>

    <p class='ocr_par' dir='ltr' id='par_1_8' title="bbox 67 1956 1229 2134">
     <span class='ocr_line' id='line_1_15' title="bbox 67 1956 1229 2038; baseline 0 -23"><span class='ocrx_word' id='word_1_107' title='bbox 67 1961 190 2016; x_wconf 88' lang='lat' dir='ltr'><em>Lucilius</em></span> <span class='ocrx_word' id='word_1_108' title='bbox 208 1968 262 2030; x_wconf 71' lang='grc'><em>99,</em></span> <span class='ocrx_word' id='word_1_109' title='bbox 288 1966 323 2018; x_wconf 85' lang='lat' dir='ltr'><em>tt</em></span> <span class='ocrx_word' id='word_1_110' title='bbox 345 1956 434 2038; x_wconf 77' lang='lat' dir='ltr'><em>(Geel.</em></span> <span class='ocrx_word' id='word_1_111' title='bbox 460 1979 490 2033; x_wconf 86' lang='lat' dir='ltr'><em>p.</em></span> <span class='ocrx_word' id='word_1_112' title='bbox 519 1964 568 2036; x_wconf 90' lang='grc'><em>66)</em></span> <span class='ocrx_word' id='word_1_113' title='bbox 595 1965 629 2018; x_wconf 81' lang='lat' dir='ltr'><em>tt</em></span> <span class='ocrx_word' id='word_1_114' title='bbox 651 1980 709 2020; x_wconf 92' lang='lat' dir='ltr'><em>non</em></span> <span class='ocrx_word' id='word_1_115' title='bbox 731 1972 799 2019; x_wconf 90' lang='lat' dir='ltr'><em>sunt</em></span> <span class='ocrx_word' id='word_1_116' title='bbox 813 1965 930 2027; x_wconf 81' lang='lat' dir='ltr'><em>similes,</em></span> <span class='ocrx_word' id='word_1_117' title='bbox 950 1979 1039 2034; x_wconf 85' lang='lat' dir='ltr'><em>neque</em></span> <span class='ocrx_word' id='word_1_118' title='bbox 1054 1962 1130 2017; x_wconf 87' lang='lat' dir='ltr'><em>dant.</em></span> <span class='ocrx_word' id='word_1_119' title='bbox 1150 1961 1229 2033; x_wconf 83' lang='lat' dir='ltr'><em>quid,</em></span> 
     </span>
     <span class='ocr_line' id='line_1_16' title="bbox 636 2064 1227 2134; baseline -0.008 -12"><span class='ocrx_word' id='word_1_120' title='bbox 636 2071 662 2123; x_wconf 89' lang='lat' dir='ltr'><em>si</em></span> <span class='ocrx_word' id='word_1_121' title='bbox 677 2067 744 2121; x_wconf 88' lang='lat' dir='ltr'><em>dare</em></span> <span class='ocrx_word' id='word_1_122' title='bbox 758 2067 882 2122; x_wconf 86' lang='lat' dir='ltr'><em>uellent?</em></span> <span class='ocrx_word' id='word_1_123' title='bbox 923 2064 1125 2134; x_wconf 78' lang='lat' dir='ltr'><em>Acciperesne,</em></span> <span class='ocrx_word' id='word_1_124' title='bbox 1144 2064 1227 2119; x_wconf 90' lang='lat' dir='ltr'><em>doce.</em></span> 
     </span>
    </p>

    <p class='ocr_par' dir='ltr' id='par_1_9' title="bbox 66 2143 1234 2344">
     <span class='ocr_line' id='line_1_17' title="bbox 66 2143 1234 2244; baseline 0 -23"><span class='ocrx_word' id='word_1_125' title='bbox 66 2168 152 2224; x_wconf 77' lang='lat' dir='ltr'><em>etauu</em></span> <span class='ocrx_word' id='word_1_126' title='bbox 177 2171 267 2225; x_wconf 72' lang='lat' dir='ltr'><em>Persa</em></span> <span class='ocrx_word' id='word_1_127' title='bbox 293 2174 353 2226; x_wconf 78' lang='lat' dir='ltr'><em>eoo</em></span> <span class='ocrx_word' id='word_1_128' title='bbox 376 2143 445 2242; x_wconf 78' lang='lat' dir='ltr'><em>ptr,</em></span> <span class='ocrx_word' id='word_1_129' title='bbox 469 2174 495 2238; x_wconf 83' lang='lat' dir='ltr'><em>t,</em></span> <span class='ocrx_word' id='word_1_130' title='bbox 519 2165 566 2244; x_wconf 86' lang='lat' dir='ltr'><em>tt)</em></span> <span class='ocrx_word' id='word_1_131' title='bbox 596 2171 701 2237; x_wconf 72' lang='lat' dir='ltr'><em>runica,</em></span> <span class='ocrx_word' id='word_1_132' title='bbox 732 2172 858 2226; x_wconf 67' lang='lat' dir='ltr'><em>minemo</em></span> <span class='ocrx_word' id='word_1_133' title='bbox 882 2169 999 2225; x_wconf 72' lang='lat' dir='ltr'><em>arnus</em></span> <span class='ocrx_word' id='word_1_134' title='bbox 1022 2170 1070 2238; x_wconf 78' lang='lat' dir='ltr'><em>qm</em></span> <span class='ocrx_word' id='word_1_135' title='bbox 1094 2169 1151 2235; x_wconf 73' lang='lat' dir='ltr'><em>sis,</em></span> <span class='ocrx_word' id='word_1_136' title='bbox 1185 2169 1234 2240; x_wconf 77' lang='lat' dir='ltr'><em>qn·</em></span> 
     </span>
     <span class='ocr_line' id='line_1_18' title="bbox 653 2274 832 2344; baseline -0.011 -16"><span class='ocrx_word' id='word_1_137' title='bbox 653 2274 718 2328; x_wconf 88' lang='lat' dir='ltr'><em>duci</em></span> <span class='ocrx_word' id='word_1_138' title='bbox 739 2281 832 2344; x_wconf 84' lang='lat' dir='ltr'><em>queat.</em></span> 
     </span>
    </p>

    <p class='ocr_par' dir='ltr' id='par_1_10' title="bbox 149 2371 602 2450">
     <span class='ocr_line' id='line_1_19' title="bbox 149 2371 602 2450; baseline 0.004 -22"><span class='ocrx_word' id='word_1_139' title='bbox 149 2374 176 2444; x_wconf 85' lang='lat' dir='ltr'><em>c)</em></span> <span class='ocrx_word' id='word_1_140' title='bbox 206 2372 396 2432; x_wconf 81' lang='lat' dir='ltr'><em>conirtnctiui</em></span> <span class='ocrx_word' id='word_1_141' title='bbox 416 2371 602 2450; x_wconf 83' lang='lat' dir='ltr'><em>potentialis:</em></span> 
     </span>
    </p>

    <p class='ocr_par' dir='ltr' id='par_1_11' title="bbox 67 2468 1238 2555">
     <span class='ocr_line' id='line_1_20' title="bbox 67 2468 1238 2555; baseline -0.003 -24"><span class='ocrx_word' id='word_1_142' title='bbox 67 2479 151 2534; x_wconf 85' lang='lat' dir='ltr'><em>Plauti</em></span> <span class='ocrx_word' id='word_1_143' title='bbox 168 2479 261 2534; x_wconf 88' lang='lat' dir='ltr'><em>Poen.</em></span> <span class='ocrx_word' id='word_1_144' title='bbox 284 2476 348 2548; x_wconf 80' lang='lat'>1111,</span> <span class='ocrx_word' id='word_1_145' title='bbox 371 2486 398 2548; x_wconf 76' lang='lat' dir='ltr'><em>t,</em></span> <span class='ocrx_word' id='word_1_146' title='bbox 421 2483 458 2536; x_wconf 73' lang='lat' dir='ltr'><em>tt</em></span> <span class='ocrx_word' id='word_1_147' title='bbox 482 2473 563 2554; x_wconf 85' lang='grc'>(886)</span> <span class='ocrx_word' id='word_1_148' title='bbox 591 2479 679 2545; x_wconf 89' lang='lat' dir='ltr'><em>Cedo,</em></span> <span class='ocrx_word' id='word_1_149' title='bbox 705 2480 754 2548; x_wconf 84' lang='lat' dir='ltr'><em>qui</em></span> <span class='ocrx_word' id='word_1_150' title='bbox 777 2477 807 2532; x_wconf 83' lang='lat' dir='ltr'><em>tt</em></span> <span class='ocrx_word' id='word_1_151' title='bbox 828 2477 955 2533; x_wconf 81' lang='lat' dir='ltr'><em>credam.</em></span> <span class='ocrx_word' id='word_1_152' title='bbox 974 2468 987 2555; x_wconf 93' lang='grc'><em>))</em></span> <span class='ocrx_word' id='word_1_153' title='bbox 1005 2475 1078 2542; x_wconf 86' lang='lat' dir='ltr'><em>Quia</em></span> <span class='ocrx_word' id='word_1_154' title='bbox 1093 2477 1158 2531; x_wconf 85' lang='lat' dir='ltr'><em>illas</em></span> <span class='ocrx_word' id='word_1_155' title='bbox 1173 2477 1238 2528; x_wconf 90' lang='lat' dir='ltr'><em>emit</em></span> 
     </span>
    </p>

    <p class='ocr_par' dir='ltr' id='par_1_12' title="bbox 654 2582 1028 2652">
     <span class='ocr_line' id='line_1_21' title="bbox 654 2582 1028 2652; baseline -0.011 -16"><span class='ocrx_word' id='word_1_156' title='bbox 654 2584 683 2636; x_wconf 87' lang='lat' dir='ltr'><em>in</em></span> <span class='ocrx_word' id='word_1_157' title='bbox 707 2582 857 2636; x_wconf 80' lang='lat' dir='ltr'><em>Anactorio</em></span> <span class='ocrx_word' id='word_1_158' title='bbox 878 2583 1028 2652; x_wconf 85' lang='lat' dir='ltr'><em>paruolae.</em></span> 
     </span>
    </p>

    <p class='ocr_par' dir='ltr' id='par_1_13' title="bbox 68 2679 1234 2762">
     <span class='ocr_line' id='line_1_22' title="bbox 68 2679 1234 2762; baseline -0.003 -26"><span class='ocrx_word' id='word_1_159' title='bbox 68 2684 130 2739; x_wconf 88' lang='lat' dir='ltr'><em>Ter.</em></span> <span class='ocrx_word' id='word_1_160' title='bbox 173 2685 284 2756; x_wconf 82' lang='lat' dir='ltr'><em>Hecyr.</em></span> <span class='ocrx_word' id='word_1_161' title='bbox 307 2690 363 2740; x_wconf 82' lang='lat' dir='ltr'><em>tos</em></span> <span class='ocrx_word' id='word_1_162' title='bbox 388 2681 419 2762; x_wconf 85' lang='lat'><em>(1,</em></span> <span class='ocrx_word' id='word_1_163' title='bbox 449 2691 477 2752; x_wconf 73' lang='grc'><em>9,</em></span> <span class='ocrx_word' id='word_1_164' title='bbox 506 2679 555 2760; x_wconf 74' lang='grc'><em>98)</em></span> <span class='ocrx_word' id='word_1_165' title='bbox 584 2684 641 2739; x_wconf 88' lang='lat' dir='ltr'><em>Sed</em></span> <span class='ocrx_word' id='word_1_166' title='bbox 655 2686 705 2753; x_wconf 87' lang='lat' dir='ltr'><em>qui</em></span> <span class='ocrx_word' id='word_1_167' title='bbox 721 2688 793 2739; x_wconf 89' lang='lat' dir='ltr'><em>istuc</em></span> <span class='ocrx_word' id='word_1_168' title='bbox 810 2682 926 2738; x_wconf 83' lang='lat' dir='ltr'><em>credam</em></span> <span class='ocrx_word' id='word_1_169' title='bbox 946 2684 989 2737; x_wconf 87' lang='lat' dir='ltr'><em>ita</em></span> <span class='ocrx_word' id='word_1_170' title='bbox 1001 2698 1068 2741; x_wconf 88' lang='lat' dir='ltr'><em>esse,</em></span> <span class='ocrx_word' id='word_1_171' title='bbox 1096 2681 1140 2734; x_wconf 85' lang='lat' dir='ltr'><em>die</em></span> <span class='ocrx_word' id='word_1_172' title='bbox 1158 2680 1234 2740; x_wconf 88' lang='lat' dir='ltr'><em>mihi,</em></span> 
     </span>
    </p>

    <p class='ocr_par' dir='ltr' id='par_1_14' title="bbox 174 2789 1237 3059">
     <span class='ocr_line' id='line_1_23' title="bbox 656 2789 800 2843; baseline -0.007 -2"><span class='ocrx_word' id='word_1_173' title='bbox 656 2789 800 2843; x_wconf 84' lang='lat' dir='ltr'><em>Parmeno.</em></span> 
     </span>
     <span class='ocr_line' id='line_1_24' title="bbox 174 2885 1237 2966; baseline -0.008 -20"><span class='ocrx_word' id='word_1_174' title='bbox 174 2892 295 2946; x_wconf 79' lang='lat' dir='ltr'><em>Pliorm.</em></span> <span class='ocrx_word' id='word_1_175' title='bbox 317 2895 377 2946; x_wconf 88' lang='grc'><em>866</em></span> <span class='ocrx_word' id='word_1_176' title='bbox 397 2886 437 2965; x_wconf 77' lang='lat' dir='ltr'><em>(V,</em></span> <span class='ocrx_word' id='word_1_177' title='bbox 460 2896 488 2957; x_wconf 89' lang='grc'>6,</span> <span class='ocrx_word' id='word_1_178' title='bbox 512 2885 559 2966; x_wconf 79' lang='grc'>46)</span> <span class='ocrx_word' id='word_1_179' title='bbox 589 2891 631 2944; x_wconf 88' lang='lat' dir='ltr'><em>ltu</em></span> <span class='ocrx_word' id='word_1_180' title='bbox 662 2891 764 2946; x_wconf 90' lang='lat' dir='ltr'><em>uelim:</em></span> <span class='ocrx_word' id='word_1_181' title='bbox 797 2887 847 2942; x_wconf 89' lang='lat' dir='ltr'><em>scd</em></span> <span class='ocrx_word' id='word_1_182' title='bbox 874 2889 923 2956; x_wconf 84' lang='lat' dir='ltr'><em>qui</em></span> <span class='ocrx_word' id='word_1_183' title='bbox 953 2889 1024 2942; x_wconf 87' lang='lat' dir='ltr'><em>istuc</em></span> <span class='ocrx_word' id='word_1_184' title='bbox 1054 2885 1169 2940; x_wconf 86' lang='lat' dir='ltr'><em>credam</em></span> <span class='ocrx_word' id='word_1_185' title='bbox 1198 2885 1237 2937; x_wconf 83' lang='lat' dir='ltr'><em>itu</em></span> 
     </span>
     <span class='ocr_line' id='line_1_25' title="bbox 655 2989 1014 3059; baseline -0.019 -12"><span class='ocrx_word' id='word_1_186' title='bbox 655 3007 721 3059; x_wconf 90' lang='lat' dir='ltr'><em>esse,</em></span> <span class='ocrx_word' id='word_1_187' title='bbox 746 2990 815 3045; x_wconf 88' lang='lat' dir='ltr'><em>mihi</em></span> <span class='ocrx_word' id='word_1_188' title='bbox 838 2989 895 3043; x_wconf 87' lang='lat' dir='ltr'><em>dici</em></span> <span class='ocrx_word' id='word_1_189' title='bbox 918 2989 1014 3043; x_wconf 86' lang='lat' dir='ltr'><em>uelim.</em></span> 
     </span>
    </p>

    <p class='ocr_par' dir='ltr' id='par_1_15' title="bbox 69 3088 1239 3164">
     <span class='ocr_line' id='line_1_26' title="bbox 69 3088 1239 3164; baseline -0.006 -15"><span class='ocrx_word' id='word_1_190' title='bbox 69 3097 155 3153; x_wconf 80' lang='lat' dir='ltr'><em>Plauti</em></span> <span class='ocrx_word' id='word_1_191' title='bbox 173 3100 244 3153; x_wconf 85' lang='lat' dir='ltr'><em>Cist.</em></span> <span class='ocrx_word' id='word_1_192' title='bbox 273 3097 308 3164; x_wconf 88' lang='lat' dir='ltr'><em>il,</em></span> <span class='ocrx_word' id='word_1_193' title='bbox 338 3101 366 3163; x_wconf 88' lang='lat'><em>3,</em></span> <span class='ocrx_word' id='word_1_194' title='bbox 397 3103 433 3153; x_wconf 92' lang='grc'>69</span> <span class='ocrx_word' id='word_1_195' title='bbox 591 3095 678 3151; x_wconf 83' lang='lat' dir='ltr'><em>Teneo</em></span> <span class='ocrx_word' id='word_1_196' title='bbox 695 3096 767 3149; x_wconf 89' lang='lat' dir='ltr'><em>istuc</em></span> <span class='ocrx_word' id='word_1_197' title='bbox 790 3093 878 3149; x_wconf 90' lang='lat' dir='ltr'><em>satis:</em></span> <span class='ocrx_word' id='word_1_198' title='bbox 898 3091 955 3146; x_wconf 89' lang='lat' dir='ltr'><em>Sed</em></span> <span class='ocrx_word' id='word_1_199' title='bbox 977 3107 1026 3159; x_wconf 77' lang='lat' dir='ltr'><em>epo</em></span> <span class='ocrx_word' id='word_1_200' title='bbox 1044 3088 1239 3158; x_wconf 82' lang='lat' dir='ltr'><em>illudquuero</em></span> 
     </span>
    </p>

    <p class='ocr_par' dir='ltr' id='par_1_16' title="bbox 176 3184 1243 3867">
     <span class='ocr_line' id='line_1_27' title="bbox 557 3184 1039 3270; baseline -0.017 -16"><span class='ocrx_word' id='word_1_201' title='bbox 557 3184 560 3189; x_wconf 53' lang='grc'><strong>’</strong></span> <span class='ocrx_word' id='word_1_202' title='bbox 655 3197 864 3270; x_wconf 66' lang='lat' dir='ltr'><em>confragosum,</em></span> <span class='ocrx_word' id='word_1_203' title='bbox 892 3193 1039 3264; x_wconf 89' lang='lat' dir='ltr'><em>quomodo</em></span> 
     </span>
     <span class='ocr_line' id='line_1_28' title="bbox 593 3295 1237 3373; baseline -0.017 -17"><span class='ocrx_word' id='word_1_204' title='bbox 593 3301 673 3356; x_wconf 71' lang='lat' dir='ltr'><em>Prior</em></span> <span class='ocrx_word' id='word_1_205' title='bbox 692 3299 835 3373; x_wconf 74' lang='lat' dir='ltr'><em>posterior</em></span> <span class='ocrx_word' id='word_1_206' title='bbox 857 3297 904 3364; x_wconf 87' lang='lat' dir='ltr'><em>sit,</em></span> <span class='ocrx_word' id='word_1_207' title='bbox 931 3297 1068 3369; x_wconf 79' lang='lat' dir='ltr'><em>posterior</em></span> <span class='ocrx_word' id='word_1_208' title='bbox 1090 3295 1125 3348; x_wconf 88' lang='lat' dir='ltr'><em>sit</em></span> <span class='ocrx_word' id='word_1_209' title='bbox 1145 3296 1237 3365; x_wconf 89' lang='lat' dir='ltr'><em>prior.</em></span> 
     </span>
     <span class='ocr_line' id='line_1_29' title="bbox 181 3393 1243 3483; baseline -0.014 -22"><span class='ocrx_word' id='word_1_210' title='bbox 181 3402 280 3483; x_wconf 70' lang='lat' dir='ltr'><em>(Epio.</em></span> <span class='ocrx_word' id='word_1_211' title='bbox 301 3406 347 3476; x_wconf 84' lang='grc' dir='ltr'>ΙΙΙ,</span> <span class='ocrx_word' id='word_1_212' title='bbox 371 3410 397 3473; x_wconf 79' lang='lat' dir='ltr'><em>i,</em></span> <span class='ocrx_word' id='word_1_213' title='bbox 421 3411 458 3461; x_wconf 91' lang='grc'>69</span> <span class='ocrx_word' id='word_1_214' title='bbox 477 3398 559 3480; x_wconf 77' lang='lat' dir='ltr'><em>(tot)</em></span> <span class='ocrx_word' id='word_1_215' title='bbox 589 3402 647 3459; x_wconf 82' lang='lat' dir='ltr'><em>Eho</em></span> <span class='ocrx_word' id='word_1_216' title='bbox 672 3419 710 3456; x_wconf 88' lang='lat' dir='ltr'><em>an</em></span> <span class='ocrx_word' id='word_1_217' title='bbox 734 3400 821 3456; x_wconf 84' lang='lat' dir='ltr'><em>libera</em></span> <span class='ocrx_word' id='word_1_218' title='bbox 836 3397 934 3453; x_wconf 83' lang='lat' dir='ltr'><em>illast?</em></span> <span class='ocrx_word' id='word_1_219' title='bbox 957 3398 1022 3466; x_wconf 81' lang='lat' dir='ltr'><em>quis</em></span> <span class='ocrx_word' id='word_1_220' title='bbox 1039 3413 1099 3450; x_wconf 80' lang='lat' dir='ltr'><em>eant</em></span> <span class='ocrx_word' id='word_1_221' title='bbox 1115 3393 1243 3448; x_wconf 81' lang='lat' dir='ltr'><em>liberau-</em></span> 
     </span>
     <span class='ocr_line' id='line_1_30' title="bbox 443 3487 1097 3579; baseline -0.014 -19"><span class='ocrx_word' id='word_1_222' title='bbox 443 3515 445 3518; x_wconf 86' lang='grc'><strong>’</strong></span> <span class='ocrx_word' id='word_1_223' title='bbox 643 3495 742 3579; x_wconf 50' lang='lat' dir='ltr'><em>erist),</em></span> <span class='ocrx_word' id='word_1_224' title='bbox 770 3487 838 3557; x_wconf 74' lang='lat' dir='ltr'><em>Volo</em></span> <span class='ocrx_word' id='word_1_225' title='bbox 863 3502 948 3567; x_wconf 88' lang='lat' dir='ltr'><em>scire,</em></span> <span class='ocrx_word' id='word_1_226' title='bbox 974 3500 999 3553; x_wconf 91' lang='lat' dir='ltr'><em>si</em></span> <span class='ocrx_word' id='word_1_227' title='bbox 1020 3491 1097 3570; x_wconf 88' lang='lat' dir='ltr'><em>scis.)</em></span> 
     </span>
     <span class='ocr_line' id='line_1_31' title="bbox 176 3599 1240 3687; baseline -0.017 -19"><span class='ocrx_word' id='word_1_228' title='bbox 176 3612 244 3668; x_wconf 76' lang='lat' dir='ltr'><em>tut.</em></span> <span class='ocrx_word' id='word_1_229' title='bbox 275 3615 336 3667; x_wconf 89' lang='grc'><em>666</em></span> <span class='ocrx_word' id='word_1_230' title='bbox 359 3607 415 3687; x_wconf 81' lang='lat' dir='ltr'><em>(ttl,</em></span> <span class='ocrx_word' id='word_1_231' title='bbox 444 3618 472 3672; x_wconf 83' lang='grc'>6,</span> <span class='ocrx_word' id='word_1_232' title='bbox 496 3610 546 3680; x_wconf 77' lang='grc' dir='ltr'><em>Ι27)</em></span> <span class='ocrx_word' id='word_1_233' title='bbox 574 3608 645 3664; x_wconf 82' lang='lat' dir='ltr'><em>Volo</em></span> <span class='ocrx_word' id='word_1_234' title='bbox 662 3623 711 3677; x_wconf 80' lang='lat' dir='ltr'><em>epo</em></span> <span class='ocrx_word' id='word_1_235' title='bbox 727 3622 762 3659; x_wconf 80' lang='lat' dir='ltr'><em>ex</em></span> <span class='ocrx_word' id='word_1_236' title='bbox 779 3611 806 3659; x_wconf 89' lang='lat' dir='ltr'><em>te</em></span> <span class='ocrx_word' id='word_1_237' title='bbox 822 3605 907 3670; x_wconf 88' lang='lat' dir='ltr'><em>scire,</em></span> <span class='ocrx_word' id='word_1_238' title='bbox 927 3602 976 3673; x_wconf 89' lang='lat' dir='ltr'><em>qui</em></span> <span class='ocrx_word' id='word_1_239' title='bbox 992 3602 1029 3654; x_wconf 90' lang='lat' dir='ltr'><em>sit</em></span> <span class='ocrx_word' id='word_1_240' title='bbox 1044 3615 1136 3669; x_wconf 80' lang='lat' dir='ltr'><em>cpnus</em></span> <span class='ocrx_word' id='word_1_241' title='bbox 1151 3599 1240 3652; x_wconf 88' lang='lat' dir='ltr'><em>curio.</em></span> 
     </span>
     <span class='ocr_line' id='line_1_32' title="bbox 176 3699 1243 3791; baseline -0.017 -21"><span class='ocrx_word' id='word_1_242' title='bbox 176 3715 288 3786; x_wconf 79' lang='lat' dir='ltr'><em>Amph.</em></span> <span class='ocrx_word' id='word_1_243' title='bbox 310 3720 369 3771; x_wconf 89' lang='grc'><em>669</em></span> <span class='ocrx_word' id='word_1_244' title='bbox 393 3711 437 3791; x_wconf 65' lang='lat' dir='ltr'><em>(ll,</em></span> <span class='ocrx_word' id='word_1_245' title='bbox 460 3720 487 3780; x_wconf 89' lang='lat' dir='ltr'><em>t,</em></span> <span class='ocrx_word' id='word_1_246' title='bbox 511 3705 560 3786; x_wconf 72' lang='grc'>69)</span> <span class='ocrx_word' id='word_1_247' title='bbox 590 3711 725 3766; x_wconf 84' lang='lat' dir='ltr'><em>Omnium</em></span> <span class='ocrx_word' id='word_1_248' title='bbox 758 3707 881 3780; x_wconf 89' lang='lat' dir='ltr'><em>primum</em></span> <span class='ocrx_word' id='word_1_249' title='bbox 916 3707 977 3790; x_wconf 86' lang='lat' dir='ltr'><em>iste</em></span> <span class='ocrx_word' id='word_1_250' title='bbox 1000 3703 1049 3773; x_wconf 88' lang='lat' dir='ltr'><em>qui</em></span> <span class='ocrx_word' id='word_1_251' title='bbox 1083 3702 1119 3754; x_wconf 89' lang='lat' dir='ltr'><em>sit</em></span> <span class='ocrx_word' id='word_1_252' title='bbox 1148 3699 1243 3763; x_wconf 88' lang='lat' dir='ltr'><em>Sosia,</em></span> 
     </span>
     <span class='ocr_line' id='line_1_33' title="bbox 660 3807 897 3867; baseline -0.021 -2"><span class='ocrx_word' id='word_1_253' title='bbox 660 3812 717 3867; x_wconf 73' lang='lat' dir='ltr'><em>icoc</em></span> <span class='ocrx_word' id='word_1_254' title='bbox 740 3811 794 3864; x_wconf 86' lang='lat' dir='ltr'><em>dici</em></span> <span class='ocrx_word' id='word_1_255' title='bbox 819 3807 897 3862; x_wconf 88' lang='lat' dir='ltr'><em>uolo.</em></span> 
     </span>
    </p>
   </div>
   <div class='ocr_carea' id='block_1_3' title="bbox 178 3907 1246 4085">
    <p class='ocr_par' dir='ltr' id='par_1_17' title="bbox 178 3907 1246 4085">
     <span class='ocr_line' id='line_1_34' title="bbox 178 3907 1246 3994; baseline -0.02 -16"><span class='ocrx_word' id='word_1_256' title='bbox 178 3923 254 3978; x_wconf 86' lang='lat' dir='ltr'><em>Rud.</em></span> <span class='ocrx_word' id='word_1_257' title='bbox 283 3925 337 3976; x_wconf 84' lang='lat' dir='ltr'><em>eet</em></span> <span class='ocrx_word' id='word_1_258' title='bbox 365 3913 435 3994; x_wconf 86' lang='lat'>(1111,</span> <span class='ocrx_word' id='word_1_259' title='bbox 457 3922 485 3986; x_wconf 88' lang='grc'><em>3,</em></span> <span class='ocrx_word' id='word_1_260' title='bbox 507 3917 556 3987; x_wconf 79' lang='grc'>69)</span> <span class='ocrx_word' id='word_1_261' title='bbox 588 3916 634 3971; x_wconf 89' lang='lat' dir='ltr'><em>Vel</em></span> <span class='ocrx_word' id='word_1_262' title='bbox 657 3922 685 3969; x_wconf 91' lang='lat' dir='ltr'><em>te</em></span> <span class='ocrx_word' id='word_1_263' title='bbox 720 3911 789 3966; x_wconf 79' lang='lat' dir='ltr'><em>mitri</em></span> <span class='ocrx_word' id='word_1_264' title='bbox 822 3914 981 3963; x_wconf 85' lang='lat' dir='ltr'><em>monstrare</em></span> <span class='ocrx_word' id='word_1_265' title='bbox 1004 3912 1129 3975; x_wconf 81' lang='lat' dir='ltr'><em>oportet,</em></span> <span class='ocrx_word' id='word_1_266' title='bbox 1161 3907 1246 3977; x_wconf 82' lang='lat' dir='ltr'><em>piscis</em></span> 
     </span>
     <span class='ocr_line' id='line_1_35' title="bbox 658 4012 918 4085; baseline -0.023 -15"><span class='ocrx_word' id='word_1_267' title='bbox 658 4017 707 4085; x_wconf 84' lang='lat' dir='ltr'><em>qui</em></span> <span class='ocrx_word' id='word_1_268' title='bbox 733 4016 769 4069; x_wconf 90' lang='lat' dir='ltr'><em>sit</em></span> <span class='ocrx_word' id='word_1_269' title='bbox 790 4012 918 4068; x_wconf 85' lang='lat' dir='ltr'><em>nidulus.</em></span> 
     </span>
    </p>
   </div>
   <div class='ocr_carea' id='block_1_4' title="bbox 74 4233 1039 4393">
    <p class='ocr_par' dir='ltr' id='par_1_18' title="bbox 74 4233 1039 4393">
     <span class='ocr_line' id='line_1_36' title="bbox 74 4233 649 4302; baseline -0.019 -12"><span class='ocrx_word' id='word_1_270' title='bbox 74 4243 210 4292; x_wconf 77' lang='lat' dir='ltr'><em>Praeterea</em></span> <span class='ocrx_word' id='word_1_271' title='bbox 230 4240 305 4292; x_wconf 86' lang='lat' dir='ltr'><em>coni.</em></span> <span class='ocrx_word' id='word_1_272' title='bbox 327 4239 394 4289; x_wconf 83' lang='lat' dir='ltr'><em>inire</em></span> <span class='ocrx_word' id='word_1_273' title='bbox 412 4253 438 4302; x_wconf 89' lang='lat' dir='ltr'><em>p.</em></span> <span class='ocrx_word' id='word_1_274' title='bbox 461 4241 519 4296; x_wconf 77' lang='lat'><em>⁴8⁰,</em></span> <span class='ocrx_word' id='word_1_275' title='bbox 541 4233 605 4284; x_wconf 86' lang='lat' dir='ltr'><em>edu.</em></span> <span class='ocrx_word' id='word_1_276' title='bbox 625 4237 649 4280; x_wconf 78' lang='grc'><em>9.</em></span> 
     </span>
     <span class='ocr_line' id='line_1_37' title="bbox 121 4330 1039 4393; baseline -0.024 -9"><span class='ocrx_word' id='word_1_277' title='bbox 121 4342 274 4393; x_wconf 81' lang='lat' dir='ltr'><em>stuoemunu,</em></span> <span class='ocrx_word' id='word_1_278' title='bbox 298 4339 391 4380; x_wconf 84' lang='lat' dir='ltr'><em>Studien</em></span> <span class='ocrx_word' id='word_1_279' title='bbox 405 4340 424 4378; x_wconf 92' lang='lat'><em>1.</em></span> <span class='ocrx_word' id='word_1_280' title='bbox 1012 4330 1039 4374; x_wconf 74' lang='grc'><em>44</em></span> 
     </span>
    </p>
   </div>
   <div class='ocr_carea' id='block_1_5' title="bbox 0 0 1561 5024">
    <p class='ocr_par' dir='ltr' id='par_1_19' title="bbox 0 0 1561 5024">
     <span class='ocr_line' id='line_1_38' title="bbox 0 0 1561 5024; baseline 0 0"><span class='ocrx_word' id='word_1_281' title='bbox 0 0 1561 5024; x_wconf 95' lang='lat' dir='ltr'><em> </em></span> 
     </span>
    </p>
   </div>
  </div>
 </body>
</html>
