3176 5028
524 464 728 535 Qvarsrronns
753 479 905 522 narniam.
1248 459 1288 522 47

123 632 235 705 tendo,
271 653 366 713 quam
395 644 521 713 propter
542 621 694 714 'loquendi
727 653 820 695 usum
852 633 1026 694 Plautinum
1054 651 1109 714 pro
1140 633 1288 694 librorum

123 739 288 797 memoria:
323 738 474 798 Talentum
497 739 617 817 arpenti
637 741 700 817 ipse
714 756 771 798 saa
786 737 966 798 edomuerat
982 757 1075 798 araim
1090 735 1288 798 scribendum

121 849 175 900 est
201 839 249 916 id,
287 839 371 918 quod
395 841 455 900 iam
479 841 674 900 Camerarius
696 841 856 919 proposuit
886 839 1053 917 mentoque
1082 841 1195 918 recepit
1218 841 1288 898 Rit-

121 942 273 1002 schelius:
655 927 672 958 s

258 1047 413 1106 Tale'atam
438 1048 556 1126 arpenti
577 1043 661 1125 ipsas
687 1044 736 1124 [au
759 1043 874 1127 ipsasl]
900 1062 957 1104 saa
980 1045 1160 1106 adarrmerdt
1182 1064 1284 1107 arona.

120 1149 182 1208 Vbi
212 1149 297 1209 enim
328 1150 390 1228 ipse
420 1167 489 1208 oum
520 1149 701 1228 pronomine
731 1137 878 1208 rellelriuo
907 1149 1117 1226 coniungitur,
1150 1151 1288 1228 apaetis

119 1251 248 1310 comicis
285 1267 346 1310 non
380 1253 441 1332 ipse
474 1250 528 1312 sed
564 1253 645 1330 ipsos
674 1259 858 1328 usurpatur,
898 1249 992 1329 idque
1020 1260 1091 1310 ante
1120 1267 1287 1329 pronomen

120 1352 310 1414 reflexiuum
335 1355 476 1431 ponitur,
510 1356 598 1414 ouius
629 1354 703 1432 legis
734 1353 907 1413 testimonia
938 1363 1011 1413 sunt
1040 1357 1122 1433 ipsus
1144 1371 1174 1412 se
1198 1353 1284 1433 Capt.

121 1457 198 1515 640.
233 1457 324 1516 Cure.
360 1455 431 1516 tro.
462 1458 544 1517 Trin.
579 1459 652 1519 969.
685 1457 774 1516 Truo.
802 1457 825 1514 ll
856 1455 885 1532 7,
913 1451 978 1517 lib.
1017 1457 1109 1536 (ipsas
1136 1473 1166 1514 se
1195 1457 1289 1534 exigit

119 1577 326 1621 numerorum
351 1560 427 1619 ratio
442 1561 508 1620 Liu.
528 1558 623 1620 Andr.
646 1561 684 1620 49
702 1558 807 1636 Ribb,
833 1558 889 1619 ubi
913 1560 974 1637 ipse
996 1575 1027 1616 se
1049 1557 1133 1635 apud
1156 1557 1287 1619 Nonium

119 1671 225 1737 extat3
242 1661 423 1722 emendauit
432 1663 567 1722 balbius
581 1661 662 1722 idem
674 1663 808 1740 pertinet
819 1661 859 1722 ad
872 1661 949 1721 Enn.
964 1661 1024 1722 240
1036 1662 1070 1719 R.
1084 1669 1160 1739 trag.
1177 1681 1184 1736 ;
1204 1661 1288 1740 ipsas

118 1784 184 1826 sese
216 1765 326 1824 Bacch.
362 1765 433 1824 493.
467 1764 577 1825 Pseud.
611 1765 673 1825 999
703 1763 796 1843 (ipsas
818 1763 895 1826 Aau
927 1766 987 1843 ipse
1010 1764 1055 1843 Β).
1088 1762 1160 1822 973.
1191 1765 1282 1824 1168,

118 1868 212 1928 Persa
238 1867 310 1926 lta.
339 1869 479 1928 Truo.·ll
503 1867 532 1944 7,
560 1863 633 1942 38“’;
660 1869 744 1946 ipsas
766 1868 824 1928 ribi
845 1866 941 1928 Andr.
968 1865 1046 1942 377;
1081 1867 1164 1946 ipsas
1186 1885 1286 1927 secam

118 1970 221 2030 Andr.
251 1972 311 2032 442
339 1973 434 2050 (ipsas
455 1970 489 2029 D.
518 1972 580 2050 ipse
600 1969 748 2048 acuar).
784 2003 823 2014 -
854 1970 933 2030 Eun.
960 1971 1022 2030 789
1049 1967 1142 2049 (aaa
1165 1967 1285 2030 oodioes

117 2073 178 2131 soli
204 2075 287 2152 ipsas
311 2072 370 2132 siti·
392 2084 472 2132 reete
495 2071 653 2149 exhibent,
687 2074 778 2133 aeteri
801 2072 953 2150 praebent
980 2075 1041 2152 ipse
1064 2073 1129 2132 sibi.
1171 2070 1280 2133 Pseud.

118 2177 197 2251 884,
225 2174 279 2234 ubi
303 2177 327 2235 A
351 2177 413 2254 ipse
436 2175 503 2252 sibi,
530 2177 622 2235 aeteri
646 2178 724 2255 ipsos
747 2175 806 2236 stoi
826 2174 965 2252 tradunt,
994 2173 1095 2235 Douza
1119 2175 1202 2254 aprus
1230 2175 1288 2235 sibi

120 2277 270 2338 restituit.
313 2281 402 2358 ipsos
425 2287 491 2339 tum
514 2296 637 2357 quoque
660 2279 794 2356 ponitur,
822 2278 875 2338 ubi
899 2297 915 2336 a
938 2279 1116 2354 pronomine
1140 2277 1287 2339 rellaniuo

121 2381 251 2441 insertis
275 2400 336 2440 uno
357 2382 409 2442 uel
438 2381 648 2460 compluribus
678 2380 840 2441 uocabulis
869 2391 1046 2459 separatur,
1077 2381 1164 2442 uelut
1193 2381 1282 2440 Poen.

119 2485 159 2542 lll
186 2485 217 2561 3,
245 2483 300 2542 95:
340 2487 373 2543 Vt
399 2485 482 2563 ipsas
505 2485 585 2544 testis
615 2485 653 2544 sit
681 2484 739 2543 sibi
767 2485 960 2544 certissumus
993 2486 1027 2558 (A
1051 2484 1136 2544 solus
1158 2483 1288 2562 praebet

120 2589 219 2666 ipsas,
246 2587 338 2646 aeteri
362 2585 455 2666 apse);
489 2588 577 2646 Truo.
605 2585 682 2663 117,
710 2584 744 2645 7:
780 2588 863 2666 ipsas
883 2587 1034 2666 perditam
1058 2605 1089 2650 se
1113 2588 1144 2646 it.
1172 2585 1282 2664 Amph.

122 2689 201 2751 252:
221 2687 369 2769 ipsusque
387 2689 562 2769 Amphitruo
579 2691 676 2769 re'9em
693 2689 840 2750 Pterelam
856 2687 913 2749 saa
927 2689 961 2769 (P)
979 2689 1283 2749 obtimaeaaitmanu.

123 2827 163 2836 -
191 2793 252 2852 llao
274 2791 314 2851 de
330 2809 422 2850 eausa
439 2793 521 2870 ipsas
537 2790 762 2851 restituendum
778 2810 847 2852 esse
863 2790 964 2852 iudico
979 2791 1050 2850 Hee.
1073 2791 1143 2866 tot,
1164 2791 1281 2850 Phorm.

119 2895 204 2972 prol.
231 2895 281 2970 93,
308 2895 388 2954 Eun.
415 2895 491 2972 prol.
520 2895 569 2972 ll,
595 2893 727 2973 Adelph.
754 2896 806 2972 39,
841 2894 894 2956 ubi
918 2914 1024 2954 omnes
1046 2893 1118 2953 libri
1140 2891 1287 2952 exhibent
1377 2951 1384 2962 ,

121 3002 257 3076 ipsese,
293 2999 355 3076 ipse
378 2997 414 3057 de
435 3013 482 3076 aa,
515 2999 646 3077 ipsese,
680 2999 744 3077 ipse
767 3006 810 3058 est
832 2997 907 3071 stom
939 2998 1074 3075 itemque
1097 2998 1174 3057 llen.
1202 2997 1280 3054 309:

120 3101 245 3160 Insanit
267 3100 314 3159 hie
337 3101 466 3180 quidem,
493 3103 546 3180 qui
567 3102 649 3180 ipsus
671 3101 819 3161 maledicit
842 3101 899 3162 sibi
927 3101 1009 3177 (BGD
1024 3099 1173 3180 praebent
1196 3099 1228 3159 id
1242 3117 1283 3177 se,

120 3203 165 3262 FZ
191 3203 263 3281 ipse,
291 3201 375 3280 quod
398 3203 513 3282 recepit
536 3203 750 3280 llitsohalius);
773 3201 908 3283 Adelph.
927 3203 1006 3283 prol.
1028 3202 1205 3282 ldenique‚
1232 3201 1287 3263 ubi

121 3308 155 3364 in
182 3305 270 3365 libris
293 3304 439 3386 traditur:
470 3305 581 3366 Indicio
604 3306 641 3366 de
663 3325 694 3367 se
718 3308 780 3387 ipse
803 3307 861 3367 erit
875 3322 929 3365 aas
951 3308 1035 3366 eritis
1059 3307 1179 3376 iudices,
1206 3306 1288 3365 sori-

122 3407 266 3468 bendum
283 3408 342 3467 erit
358 3407 407 3467 uel
425 3405 513 3486 Ipsos
536 3408 572 3468 de
587 3425 649 3469 sese
664 3407 774 3468 indicio
789 3396 841 3469 uel
859 3408 972 3468 Indicio
989 3409 1071 3486 ipsus
1086 3407 1122 3469 de
1137 3411 1200 3468 se'se
1215 3410 1283 3476 erit.

119 3529 179 3572 uos
194 3508 319 3572 iudices.
359 3510 418 3571 llil.
440 3511 522 3569 7388
546 3518 660 3586 autem,
688 3510 744 3571 ubi
766 3510 902 3571 inlibris
925 3519 1010 3570 extat
1025 3508 1114 3589 Ipsos
1138 3510 1199 3570 illic
1223 3526 1286 3568 sese

119 3615 186 3674 iam
208 3612 366 3693 impedierit
386 3613 417 3673 in
438 3613 563 3693 piaque,
597 3630 658 3672 non
689 3631 758 3672 oum
789 3613 931 3673 Larentia
963 3615 1049 3690 Ipsus
1072 3630 1136 3671 sese
1158 3611 1216 3671 illie
1240 3619 1287 3670 est

121 3714 407 3794 transponendum,
439 3715 496 3775 sed
524 3716 628 3794 potius
657 3717 723 3777 Illic
752 3718 835 3796 ipsus
866 3733 929 3776 sese
958 3714 995 3774 ol.
1029 3715 1097 3774 Cas.
1125 3713 1148 3771 ll
1173 3715 1202 3792 8,
1229 3714 1281 3772 37.

119 3819 212 3895 Capt.
239 3818 312 3876 990.
339 3819 428 3877 llere.
455 3815 529 3876 759.
556 3816 636 3878 llud.
663 3817 736 3880 ⁷30.
763 3821 853 3880 llere.
873 3817 946 3878 lat.
973 3815 1058 3877 llost.
1086 3816 1164 3892 63l3
1191 3826 1284 3895 atque

118 3918 222 3980 Andr.
249 3919 321 3998 tut,
348 3919 404 3979 ubi
427 3935 498 3979 aum
513 3919 629 3980 Donato
652 3921 745 4000 uulgo
768 3919 872 3982 editur
885 3939 965 3981 auae
980 3920 1027 3981 hic
1042 3937 1073 3980 se
1089 3921 1173 3999 ipsus
1190 3918 1282 3998 fallit,

119 4022 197 4082 libri
219 4032 323 4083 autem
346 4021 498 4101 praebent
518 4041 599 4083 auae
613 4019 714 4106 lillis]
727 4040 758 4084 se
781 4025 866 4103 ipsas
887 4023 923 4100 l),
949 4041 1029 4083 auae
1051 4023 1132 4102 ipsas
1153 4039 1184 4082 se
1212 4023 1280 4101 (om.

119 4123 182 4206 hie)
203 4125 308 4204 BCEP‚
329 4141 403 4185 uera
420 4125 509 4186 lectio
525 4143 593 4186 esse
615 4124 756 4186 uidetur:
787 4127 872 4186 Cerae
889 4126 985 4186 hercle
1001 4124 1048 4184 hie
1064 4126 1148 4204 ipsas
1161 4125 1194 4183 se'
1207 4143 1286 4185 aaac

118 4228 215 4306 fallit,
241 4227 317 4289 amit
340 4248 402 4307 epo.
446 4228 558 4288 Peliala
582 4227 657 4288 tilii?
680 4262 722 4270 —
