3086 5024
279 436 322 499 Dr
345 440 473 500 Srorrxr
496 438 776 502 iurunrocrrronvu
800 439 999 510 Orurorrnur.
1162 435 1223 497 189

67 609 275 686 quaesiturum
298 628 366 670 esse
387 609 545 690 praedicat
566 621 621 672 aut
642 611 699 672 hoe
721 619 841 672 tantum
864 607 978 670 indicat
1005 625 1038 669 se
1066 607 1098 670 id
1119 625 1219 687 agere,

67 710 214 790 quomodo
236 710 276 773 de
298 712 400 791 aliqua
423 731 456 773 re
479 714 590 774 certior·
610 714 675 774 fieri
696 714 804 794 possit.
844 714 966 792 Itaque,
995 730 1066 772 eum
1089 712 1146 772 hoe
1168 711 1224 772 in-

65 815 280 894 terrogationes
312 833 375 875 non
408 816 449 876 ita
480 818 737 895 pronuntientur,
770 824 806 877 ut
835 815 928 876 simui
957 813 1071 893 aliquis
1099 811 1140 874 ad
1169 831 1223 874 eos

66 915 249 995 respondere
273 915 427 995 iubeatur,
461 927 556 998 atque
577 917 801 980 dubitationem
824 918 870 978 eis
893 916 1010 996 uerbis,
1042 935 1080 976 ex
1104 915 1222 995 quibus

66 1019 138 1078 tales
168 1021 423 1098 interrogationes
445 1019 601 1099 pendent,
633 1021 764 1083 subesse
786 1030 950 1100 apparent,
976 1020 1025 1079 hic
1048 1027 1224 1080 constanter

65 1122 294 1184 coniunctiuum
316 1141 476 1184 occurrere
499 1132 741 1185 consentaneum
764 1133 820 1184 est.

626 1297 654 1371 ⁴)

145 1411 346 1490 iuterrogatio
375 1411 491 1492 pendet
516 1432 556 1473 ex
583 1413 691 1476 uerbis
720 1413 951 1496 quaerendi,
991 1409 1225 1474 consulendi

64 1513 127 1574 aiiis
149 1513 292 1576 eiusdem
315 1517 487 1576 sententiae
508 1515 728 1596 locutionibus,
754 1525 848 1596 atque
921 1515 925 1522 ’

145 1635 173 1717 a)
202 1634 306 1713 isqui
330 1634 468 1713 loquitur
489 1655 560 1697 curn
583 1637 731 1715 norninat,
758 1653 851 1714 quern
867 1655 901 1696 se
924 1646 1027 1714 postea
1048 1636 1221 1712 interroga-

63 1745 164 1797 turum
188 1754 260 1796 esse
283 1735 371 1797 dicit:

65 1845 102 1897 Pl.
128 1846 211 1914 capt.
241 1848 296 1899 951
330 1840 371 1919 (V,
401 1849 429 1911 1,
457 1846 506 1916 31)
571 1846 685 1902 interibi
706 1863 756 1917 epo
775 1844 1133 1923 eiciocstotuuuerbereo
1156 1845 1222 1900 uoio

569 1951 727 2020 Brogitaro,
755 1965 815 2004 meo
835 1950 945 2005 minore
965 1947 1035 2017 quid
1057 1949 1093 2002 sit
1113 1949 1221 2021 factum

626 2053 695 2125 fiiio.

123 2154 213 2208 Poen.
239 2152 289 2220 iii,
318 2156 345 2224 1,
374 2159 412 2213 20
441 2149 524 2230 (121)
569 2141 613 2209 Si¹
630 2157 732 2211 scierit
759 2156 835 2220 icoo,
868 2154 942 2231 quid·
964 2152 1055 2208 tuuc?
1083 2153 1222 2208 homiuem

628 2259 812 2327 interrogem,

572 2361 650 2418 Meris
672 2378 769 2417 seruos
791 2359 830 2414 ud
850 2376 914 2414 eum
935 2359 1111 2415 ueneritne?

63 2458 125 2513 Ter.
152 2459 271 2516 Phornr.
301 2465 360 2518 827
386 2462 430 2530 (V,
461 2464 490 2526 1,
519 2456 545 2536 9)
573 2464 623 2516 sed
654 2463 704 2519 ubi
731 2479 797 2518 riom
827 2462 920 2518 Getam
950 2464 1078 2518 inuenire
1102 2466 1216 2534 possim,

634 2567 661 2622 Vt
677 2581 785 2637 rogero,
811 2565 890 2635 quod
906 2571 1012 2636 tempus
1034 2566 1223 2620 conueniuudi

623 2672 715 2741 patris
737 2685 780 2723 me
801 2684 900 2742 cepere
921 2667 1062 2722 suadeat?

63 2767 100 2822 Pi.
125 2766 234 2838 Amph.
258 2772 337 2825 1015
359 2765 428 2845 (iiii,
457 2776 484 2843 1,
513 2763 541 2845 7)
569 2772 649 2826 Nunc
670 2769 785 2827 domm
806 2772 862 2841 ibo,
886 2777 970 2842 utque
991 2785 1028 2825 eu
1049 2786 1140 2825 umore
1160 2786 1222 2825 tneo

629 2875 702 2929 huuc
722 2891 781 2930 rem
800 2889 917 2946 perpum
940 2874 1102 2942 exquirere,

569 2975 640 3044 Quis
654 2977 751 3045 inerit,
777 2993 858 3048 quem
878 2982 995 3048 propter
1017 2991 1118 3047 corpus
1138 2991 1221 3030 suurn

626 3082 717 3152 stupri
738 3080 926 3151 compleverit.

123 3180 207 3248 Capt.
237 3181 296 3236 159
326 3179 370 3251 (11,
398 3184 428 3248 3,
457 3174 506 3255 99)
569 3182 675 3237 Eodem
711 3179 905 3250 percontabor
945 3173 1110 3256 [captiuos],
1136 3183 1220 3251 ecqui

628 3284 700 3339 iiune
723 3284 924 3341 adulescentem
946 3285 1070 3339 nouerit.

121 3386 198 3440 Men.
228 3387 289 3441 700
319 3382 388 3461 (1111,
416 3390 446 3454 3,
474 3379 524 3461 tt)
569 3384 628 3454 ibo,
652 3385 840 3442 etconsuiam
856 3387 1130 3453 incommonitos,
1149 3385 1220 3455 quid

625 3489 793 3561 faciundum
815 3494 961 3544 censeant.

120 3588 229 3660 Amph.
253 3594 331 3647 1128
361 3584 402 3666 (V,
433 3596 460 3658 1,
488 3584 536 3666 16)
565 3591 624 3661 Epo
655 3592 788 3648 Tiresiam
817 3593 997 3648 coniectorem
1024 3587 1169 3645 aduocato
1196 3595 1221 3644 et

626 3694 784 3763 consulam,

564 3795 638 3865 Quid
660 3799 824 3871 faciundum
845 3803 971 3852 censeat.

120 3899 211 3955 Poen.
240 3897 288 3967 iii,
317 3901 345 3968 5,
374 3902 411 3955 19
443 3895 525 3971 1785)
570 3943 577 3956 .
606 3943 612 3956 .
638 3903 744 3956 amieos
767 3899 925 3968 consulam,
952 3913 1011 3970 quo
1034 3914 1078 3955 me
1100 3897 1186 3955 modo

530 4001 706 4076 suspendere
721 4020 839 4076 aequom
861 4009 996 4058 censeant
1015 4005 1215 4076 potissumum.

119 4107 212 4162 Stich.
242 4109 300 4160 503
329 4097 387 4180 (iil,
415 4110 444 4172 2,
474 4098 521 4181 17)
565 4105 702 4161 Certumst
717 4108 821 4162 amicos
837 4123 1002 4174 conuocare,
1015 4115 1046 4162 ut
1057 4103 1216 4176 consulam,

562 4207 624 4274 Qua
647 4209 705 4278 iope
726 4226 800 4264 nunc
815 4197 910 4292 me(d>
933 4213 1052 4266 essurire
1074 4215 1215 4278 oporteat.
