<?xml version="1.0" encoding="UTF-8"?>
<!DOCTYPE html PUBLIC "-//W3C//DTD XHTML 1.0 Transitional//EN"
    "http://www.w3.org/TR/xhtml1/DTD/xhtml1-transitional.dtd">
<html xmlns="http://www.w3.org/1999/xhtml" xml:lang="en" lang="en">
 <head>
  <title>
</title>
<meta http-equiv="Content-Type" content="text/html;charset=utf-8" />
  <meta name='ocr-system' content='tesseract 3.04.00' />
  <meta name='ocr-capabilities' content='ocr_page ocr_carea ocr_par ocr_line ocrx_word'/>
</head>
<body>
  <div class='ocr_page' id='page_1' title='image "./studiainpriscos00studgoog_0103.png"; bbox 0 0 3126 5028; ppageno 0'>
   <div class='ocr_carea' id='block_1_1' title="bbox 289 302 1055 404">
    <p class='ocr_par' dir='ltr' id='par_1_1' title="bbox 289 302 1055 404">
     <span class='ocr_line' id='line_1_1' title="bbox 289 302 1055 404; baseline -0.005 -2"><span class='ocrx_word' id='word_1_1' title='bbox 289 341 330 404; x_wconf 88' lang='lat'><strong>88</strong></span> <span class='ocrx_word' id='word_1_2' title='bbox 514 302 516 305; x_wconf 91' lang='lat'><em>-</em></span> <span class='ocrx_word' id='word_1_3' title='bbox 676 344 848 402; x_wconf 76' lang='lat' dir='ltr'><strong>Lsocosnvs</strong></span> <span class='ocrx_word' id='word_1_4' title='bbox 872 342 1055 400; x_wconf 71' lang='grc'>4433333333.</span> 
     </span>
    </p>
   </div>
   <div class='ocr_carea' id='block_1_2' title="bbox 227 510 1455 3874">
    <p class='ocr_par' dir='ltr' id='par_1_2' title="bbox 227 510 1455 3874">
     <span class='ocr_line' id='line_1_2' title="bbox 288 510 1455 604; baseline -0.007 -28"><span class='ocrx_word' id='word_1_5' title='bbox 288 515 363 576; x_wconf 81' lang='lat' dir='ltr'><strong>satis</strong></span> <span class='ocrx_word' id='word_1_6' title='bbox 387 532 498 577; x_wconf 82' lang='lat' dir='ltr'><strong>sanum</strong></span> <span class='ocrx_word' id='word_1_7' title='bbox 522 514 596 576; x_wconf 91' lang='lat' dir='ltr'><strong>mihi</strong></span> <span class='ocrx_word' id='word_1_8' title='bbox 618 511 727 575; x_wconf 84' lang='lat' dir='ltr'><strong>uidear</strong></span> <span class='ocrx_word' id='word_1_9' title='bbox 748 513 937 590; x_wconf 75' lang='lat' dir='ltr'><strong>restituisse,</strong></span> <span class='ocrx_word' id='word_1_10' title='bbox 971 512 1002 572; x_wconf 91' lang='lat' dir='ltr'><strong>in</strong></span> <span class='ocrx_word' id='word_1_11' title='bbox 1033 530 1095 591; x_wconf 90' lang='lat' dir='ltr'><strong>quo</strong></span> <span class='ocrx_word' id='word_1_12' title='bbox 1121 528 1234 571; x_wconf 85' lang='lat' dir='ltr'><strong>uersus</strong></span> <span class='ocrx_word' id='word_1_13' title='bbox 1266 510 1312 570; x_wconf 87' lang='lat' dir='ltr'><strong>sic</strong></span> <span class='ocrx_word' id='word_1_14' title='bbox 1334 527 1367 604; x_wconf 82' lang='lat' dir='ltr'><strong>se</strong></span> <span class='ocrx_word' id='word_1_15' title='bbox 1390 526 1455 568; x_wconf 78' lang='lat' dir='ltr'><strong>ex-</strong></span> 
     </span>
     <span class='ocr_line' id='line_1_3' title="bbox 288 611 446 698; baseline -0.013 -20"><span class='ocrx_word' id='word_1_16' title='bbox 288 611 446 698; x_wconf 79' lang='lat' dir='ltr'><strong>cipiant¹):</strong></span> 
     </span>
     <span class='ocr_line' id='line_1_4' title="bbox 323 729 1453 800; baseline -0.007 -14"><span class='ocrx_word' id='word_1_17' title='bbox 323 736 397 800; x_wconf 78' lang='lat' dir='ltr'><strong>uutg.</strong></span> <span class='ocrx_word' id='word_1_18' title='bbox 674 747 676 754; x_wconf 95' lang='lat'>·</span> <span class='ocrx_word' id='word_1_19' title='bbox 1323 729 1453 780; x_wconf 71' lang='lat' dir='ltr'><strong>misahel.</strong></span> 
     </span>
     <span class='ocr_line' id='line_1_5' title="bbox 289 817 1429 910; baseline -0.004 -31"><span class='ocrx_word' id='word_1_20' title='bbox 289 876 290 879; x_wconf 74' lang='grc'>,</span> <span class='ocrx_word' id='word_1_21' title='bbox 333 824 374 883; x_wconf 98' lang='grc'><strong>46</strong></span> <span class='ocrx_word' id='word_1_22' title='bbox 421 821 602 910; x_wconf 76' lang='lat' dir='ltr'><strong>Obidripare</strong></span> <span class='ocrx_word' id='word_1_23' title='bbox 622 823 712 900; x_wconf 85' lang='lat' dir='ltr'><strong>pdter</strong></span> <span class='ocrx_word' id='word_1_24' title='bbox 733 819 807 882; x_wconf 83' lang='grc'>4333</span> <span class='ocrx_word' id='word_1_25' title='bbox 829 827 927 882; x_wconf 81' lang='lat' dir='ltr'><strong>mactes</strong></span> <span class='ocrx_word' id='word_1_26' title='bbox 950 821 977 880; x_wconf 77' lang='lat' dir='ltr'><strong>et</strong></span> <span class='ocrx_word' id='word_1_27' title='bbox 998 819 1077 880; x_wconf 88' lang='lat' dir='ltr'><strong>dies:</strong></span> <span class='ocrx_word' id='word_1_28' title='bbox 1390 817 1429 875; x_wconf 88' lang='grc'><strong>46</strong></span> 
     </span>
     <span class='ocr_line' id='line_1_6' title="bbox 334 919 1428 1004; baseline -0.008 -19"><span class='ocrx_word' id='word_1_29' title='bbox 334 923 375 985; x_wconf 91' lang='grc'><strong>47</strong></span> <span class='ocrx_word' id='word_1_30' title='bbox 421 925 565 984; x_wconf 78' lang='grc'>43343333</span> <span class='ocrx_word' id='word_1_31' title='bbox 584 923 747 1004; x_wconf 82' lang='lat' dir='ltr'><strong>perfidiam</strong></span> <span class='ocrx_word' id='word_1_32' title='bbox 770 924 947 984; x_wconf 74' lang='lat' dir='ltr'><strong>iniustitiam</strong></span> <span class='ocrx_word' id='word_1_33' title='bbox 968 923 1157 1002; x_wconf 77' lang='lat' dir='ltr'><strong>emprdmere‚</strong></span> <span class='ocrx_word' id='word_1_34' title='bbox 1390 919 1428 976; x_wconf 84' lang='grc'><strong>59</strong></span> 
     </span>
     <span class='ocr_line' id='line_1_7' title="bbox 334 1022 1425 1105; baseline -0.005 -19"><span class='ocrx_word' id='word_1_35' title='bbox 334 1029 373 1087; x_wconf 95' lang='grc'><strong>48</strong></span> <span class='ocrx_word' id='word_1_36' title='bbox 419 1027 565 1087; x_wconf 84' lang='lat' dir='ltr'><strong>Lacerdri</strong></span> <span class='ocrx_word' id='word_1_37' title='bbox 584 1026 685 1087; x_wconf 80' lang='lat' dir='ltr'><em>aalide</em></span> <span class='ocrx_word' id='word_1_38' title='bbox 706 1027 794 1087; x_wconf 82' lang='lat' dir='ltr'><strong>sedat</strong></span> <span class='ocrx_word' id='word_1_39' title='bbox 816 1043 891 1097; x_wconf 85' lang='lat' dir='ltr'><strong>rem,</strong></span> <span class='ocrx_word' id='word_1_40' title='bbox 918 1023 1000 1086; x_wconf 82' lang='lat' dir='ltr'><strong>iilius</strong></span> <span class='ocrx_word' id='word_1_41' title='bbox 1022 1025 1174 1105; x_wconf 78' lang='lat' dir='ltr'><strong>aapdrier,</strong></span> <span class='ocrx_word' id='word_1_42' title='bbox 1391 1022 1425 1080; x_wconf 92' lang='grc'><strong>54</strong></span> 
     </span>
     <span class='ocr_line' id='line_1_8' title="bbox 334 1123 1430 1206; baseline -0.003 -19"><span class='ocrx_word' id='word_1_43' title='bbox 334 1130 373 1188; x_wconf 88' lang='lat'><strong>53</strong></span> <span class='ocrx_word' id='word_1_44' title='bbox 419 1126 557 1190; x_wconf 82' lang='lat' dir='ltr'><strong>Amdrem</strong></span> <span class='ocrx_word' id='word_1_45' title='bbox 579 1129 683 1189; x_wconf 85' lang='lat' dir='ltr'><strong>multas</strong></span> <span class='ocrx_word' id='word_1_46' title='bbox 705 1129 807 1190; x_wconf 80' lang='lat' dir='ltr'><strong>iaieaee</strong></span> <span class='ocrx_word' id='word_1_47' title='bbox 829 1130 860 1189; x_wconf 79' lang='lat' dir='ltr'><strong>ia</strong></span> <span class='ocrx_word' id='word_1_48' title='bbox 883 1127 1090 1206; x_wconf 59' lang='lat' dir='ltr'><strong>dispendium</strong></span> <span class='ocrx_word' id='word_1_49' title='bbox 1392 1123 1430 1185; x_wconf 95' lang='grc'><strong>47</strong></span> 
     </span>
     <span class='ocr_line' id='line_1_9' title="bbox 227 1228 1429 1319; baseline -0.002 -28"><span class='ocrx_word' id='word_1_50' title='bbox 227 1313 229 1319; x_wconf 26' lang='grc' dir='ltr'>Ι</span> <span class='ocrx_word' id='word_1_51' title='bbox 334 1233 373 1292; x_wconf 90' lang='grc'><strong>54</strong></span> <span class='ocrx_word' id='word_1_52' title='bbox 420 1233 680 1312; x_wconf 83' lang='lat' dir='ltr'><strong>Iatdmperaalem,</strong></span> <span class='ocrx_word' id='word_1_53' title='bbox 711 1229 956 1313; x_wconf 82' lang='lat' dir='ltr'><strong>[iacdpitarttem],</strong></span> <span class='ocrx_word' id='word_1_54' title='bbox 982 1228 1138 1307; x_wconf 76' lang='lat' dir='ltr'><strong>initimum,</strong></span> <span class='ocrx_word' id='word_1_55' title='bbox 1391 1230 1429 1289; x_wconf 91' lang='grc'><strong>48</strong></span> 
     </span>
     <span class='ocr_line' id='line_1_10' title="bbox 335 1319 1429 1413; baseline -0.002 -21"><span class='ocrx_word' id='word_1_56' title='bbox 335 1334 375 1392; x_wconf 92' lang='grc'><strong>55</strong></span> <span class='ocrx_word' id='word_1_57' title='bbox 425 1319 554 1394; x_wconf 78' lang='lat' dir='ltr'><strong>Trahere</strong></span> <span class='ocrx_word' id='word_1_58' title='bbox 576 1333 745 1395; x_wconf 76' lang='lat' dir='ltr'><strong>eatamire</strong></span> <span class='ocrx_word' id='word_1_59' title='bbox 766 1336 814 1395; x_wconf 89' lang='lat' dir='ltr'><strong>me&#39;</strong></span> <span class='ocrx_word' id='word_1_60' title='bbox 834 1332 913 1413; x_wconf 79' lang='lat' dir='ltr'><strong>quad</strong></span> <span class='ocrx_word' id='word_1_61' title='bbox 935 1332 1052 1412; x_wconf 80' lang='lat' dir='ltr'><em>quirem</em></span> <span class='ocrx_word' id='word_1_62' title='bbox 1075 1333 1113 1393; x_wconf 84' lang='lat' dir='ltr'><strong>ab</strong></span> <span class='ocrx_word' id='word_1_63' title='bbox 1137 1335 1171 1393; x_wconf 88' lang='lat' dir='ltr'><strong>se&#39;</strong></span> <span class='ocrx_word' id='word_1_64' title='bbox 1191 1333 1292 1408; x_wconf 88' lang='lat' dir='ltr'><strong>dama,·</strong></span> <span class='ocrx_word' id='word_1_65' title='bbox 1391 1333 1429 1391; x_wconf 94' lang='grc'><strong>49</strong></span> 
     </span>
     <span class='ocr_line' id='line_1_11' title="bbox 335 1434 1430 1516; baseline -0.004 -20"><span class='ocrx_word' id='word_1_66' title='bbox 335 1438 375 1496; x_wconf 90' lang='grc'><strong>56</strong></span> <span class='ocrx_word' id='word_1_67' title='bbox 420 1437 573 1498; x_wconf 82' lang='lat' dir='ltr'><strong>Ratidnem</strong></span> <span class='ocrx_word' id='word_1_68' title='bbox 595 1454 764 1516; x_wconf 81' lang='lat' dir='ltr'><strong>pessumam</strong></span> <span class='ocrx_word' id='word_1_69' title='bbox 781 1439 857 1513; x_wconf 78' lang='lat' dir='ltr'><strong>esse,</strong></span> <span class='ocrx_word' id='word_1_70' title='bbox 885 1455 922 1496; x_wconf 86' lang='lat' dir='ltr'><strong>ea</strong></span> <span class='ocrx_word' id='word_1_71' title='bbox 944 1454 1022 1514; x_wconf 84' lang='lat' dir='ltr'><em>quae</em></span> <span class='ocrx_word' id='word_1_72' title='bbox 1045 1436 1128 1516; x_wconf 85' lang='lat' dir='ltr'><strong>ipsas</strong></span> <span class='ocrx_word' id='word_1_73' title='bbox 1150 1437 1272 1515; x_wconf 84' lang='lat' dir='ltr'><strong>‹tpmma</strong></span> <span class='ocrx_word' id='word_1_74' title='bbox 1391 1434 1430 1493; x_wconf 86' lang='grc'><strong>52</strong></span> 
     </span>
     <span class='ocr_line' id='line_1_12' title="bbox 334 1535 1429 1618; baseline -0.002 -20"><span class='ocrx_word' id='word_1_75' title='bbox 334 1538 375 1599; x_wconf 90' lang='grc'><strong>57</strong></span> <span class='ocrx_word' id='word_1_76' title='bbox 423 1540 524 1600; x_wconf 78' lang='grc'>033343</span> <span class='ocrx_word' id='word_1_77' title='bbox 548 1537 666 1600; x_wconf 84' lang='lat' dir='ltr'><strong>labores</strong></span> <span class='ocrx_word' id='word_1_78' title='bbox 689 1539 849 1616; x_wconf 76' lang='lat' dir='ltr'><strong>immersisset</strong></span> <span class='ocrx_word' id='word_1_79' title='bbox 867 1535 1037 1618; x_wconf 80' lang='lat' dir='ltr'><strong>pe&#39;rsereas,</strong></span> <span class='ocrx_word' id='word_1_80' title='bbox 1391 1537 1429 1596; x_wconf 90' lang='grc'><strong>53</strong></span> 
     </span>
     <span class='ocr_line' id='line_1_13' title="bbox 312 1639 1429 1726; baseline -0.002 -26"><span class='ocrx_word' id='word_1_81' title='bbox 312 1642 375 1726; x_wconf 86' lang='grc'><strong>58</strong></span> <span class='ocrx_word' id='word_1_82' title='bbox 421 1639 538 1701; x_wconf 76' lang='lat' dir='ltr'><strong>Amicis</strong></span> <span class='ocrx_word' id='word_1_83' title='bbox 560 1643 595 1702; x_wconf 86' lang='lat' dir='ltr'><strong>m&#39;</strong></span> <span class='ocrx_word' id='word_1_84' title='bbox 615 1641 809 1721; x_wconf 74' lang='lat' dir='ltr'><strong>diffinditari</strong></span> <span class='ocrx_word' id='word_1_85' title='bbox 830 1659 866 1700; x_wconf 90' lang='grc'><strong>33</strong></span> <span class='ocrx_word' id='word_1_86' title='bbox 889 1639 999 1702; x_wconf 88' lang='lat' dir='ltr'><strong>didier.</strong></span> <span class='ocrx_word' id='word_1_87' title='bbox 1391 1639 1429 1699; x_wconf 85' lang='grc'><strong>54</strong></span> 
     </span>
     <span class='ocr_line' id='line_1_14' title="bbox 334 1742 1426 1824; baseline -0.004 -20"><span class='ocrx_word' id='word_1_88' title='bbox 334 1745 369 1805; x_wconf 92' lang='grc'><strong>64</strong></span> <span class='ocrx_word' id='word_1_89' title='bbox 420 1746 489 1805; x_wconf 83' lang='grc'>8333</span> <span class='ocrx_word' id='word_1_90' title='bbox 512 1744 660 1824; x_wconf 70' lang='grc'>3334333343</span> <span class='ocrx_word' id='word_1_91' title='bbox 684 1763 726 1806; x_wconf 78' lang='lat' dir='ltr'><strong>em</strong></span> <span class='ocrx_word' id='word_1_92' title='bbox 749 1742 867 1824; x_wconf 78' lang='lat' dir='ltr'><strong>epie&#39;bis</strong></span> <span class='ocrx_word' id='word_1_93' title='bbox 887 1750 1046 1824; x_wconf 76' lang='lat' dir='ltr'><strong>postquam</strong></span> <span class='ocrx_word' id='word_1_94' title='bbox 1069 1743 1242 1820; x_wconf 68' lang='lat' dir='ltr'><strong>excesserit,</strong></span> <span class='ocrx_word' id='word_1_95' title='bbox 1393 1743 1426 1800; x_wconf 91' lang='grc'><strong>64</strong></span> 
     </span>
     <span class='ocr_line' id='line_1_15' title="bbox 335 1845 1431 1927; baseline -0.002 -21"><span class='ocrx_word' id='word_1_96' title='bbox 335 1849 375 1907; x_wconf 90' lang='grc'><strong>62</strong></span> <span class='ocrx_word' id='word_1_97' title='bbox 421 1847 495 1923; x_wconf 85' lang='lat' dir='ltr'><em>Nan,</em></span> <span class='ocrx_word' id='word_1_98' title='bbox 521 1845 555 1907; x_wconf 79' lang='lat' dir='ltr'><em>m</em></span> <span class='ocrx_word' id='word_1_99' title='bbox 575 1865 637 1927; x_wconf 82' lang='lat' dir='ltr'><strong>epa,</strong></span> <span class='ocrx_word' id='word_1_100' title='bbox 664 1847 764 1907; x_wconf 87' lang='lat' dir='ltr'><em>amori</em></span> <span class='ocrx_word' id='word_1_101' title='bbox 782 1849 878 1925; x_wconf 79' lang='lat' dir='ltr'><strong>adque</strong></span> <span class='ocrx_word' id='word_1_102' title='bbox 900 1845 1032 1907; x_wconf 77' lang='lat' dir='ltr'><strong>desidiae</strong></span> <span class='ocrx_word' id='word_1_103' title='bbox 1055 1846 1086 1904; x_wconf 85' lang='lat' dir='ltr'><strong>in</strong></span> <span class='ocrx_word' id='word_1_104' title='bbox 1109 1847 1164 1905; x_wconf 84' lang='lat' dir='ltr'><strong>dtia</strong></span> <span class='ocrx_word' id='word_1_105' title='bbox 1393 1846 1431 1905; x_wconf 92' lang='grc'><strong>62</strong></span> 
     </span>
     <span class='ocr_line' id='line_1_16' title="bbox 334 1946 1429 2030; baseline -0.003 -22"><span class='ocrx_word' id='word_1_106' title='bbox 334 1951 373 2010; x_wconf 92' lang='grc'><strong>63</strong></span> <span class='ocrx_word' id='word_1_107' title='bbox 422 1950 551 2028; x_wconf 84' lang='lat' dir='ltr'><strong>Operdm</strong></span> <span class='ocrx_word' id='word_1_108' title='bbox 575 1947 701 2021; x_wconf 78' lang='lat' dir='ltr'><strong>dedisse,</strong></span> <span class='ocrx_word' id='word_1_109' title='bbox 727 1951 821 2029; x_wconf 77' lang='lat' dir='ltr'><strong>reque</strong></span> <span class='ocrx_word' id='word_1_110' title='bbox 840 1951 1014 2030; x_wconf 81' lang='lat' dir='ltr'><strong>potestatem</strong></span> <span class='ocrx_word' id='word_1_111' title='bbox 1036 1946 1095 2008; x_wconf 87' lang='lat' dir='ltr'><strong>sibi</strong></span> <span class='ocrx_word' id='word_1_112' title='bbox 1393 1948 1429 2006; x_wconf 87' lang='lat'><strong>63</strong></span> 
     </span>
     <span class='ocr_line' id='line_1_17' title="bbox 335 2050 1429 2134; baseline -0.003 -23"><span class='ocrx_word' id='word_1_113' title='bbox 335 2054 374 2112; x_wconf 90' lang='grc'>64</span> <span class='ocrx_word' id='word_1_114' title='bbox 421 2053 543 2112; x_wconf 79' lang='lat' dir='ltr'><strong>Fuisse:</strong></span> <span class='ocrx_word' id='word_1_115' title='bbox 568 2051 642 2111; x_wconf 89' lang='lat' dir='ltr'><strong>adeo</strong></span> <span class='ocrx_word' id='word_1_116' title='bbox 665 2059 731 2112; x_wconf 86' lang='lat' dir='ltr'><strong>arte</strong></span> <span class='ocrx_word' id='word_1_117' title='bbox 754 2050 913 2112; x_wconf 82' lang='lat' dir='ltr'><strong>cdm&#39;bitam</strong></span> <span class='ocrx_word' id='word_1_118' title='bbox 935 2069 967 2111; x_wconf 90' lang='grc'><strong>33</strong></span> <span class='ocrx_word' id='word_1_119' title='bbox 990 2067 1051 2112; x_wconf 86' lang='grc'>3333</span> <span class='ocrx_word' id='word_1_120' title='bbox 1075 2052 1215 2134; x_wconf 81' lang='lat' dir='ltr'><strong>dpatre.</strong></span> <span class='ocrx_word' id='word_1_121' title='bbox 1392 2052 1429 2109; x_wconf 91' lang='grc'>64</span> 
     </span>
     <span class='ocr_line' id='line_1_18' title="bbox 335 2137 1430 2231; baseline -0.003 -18"><span class='ocrx_word' id='word_1_122' title='bbox 335 2155 374 2213; x_wconf 90' lang='grc'><strong>65</strong></span> <span class='ocrx_word' id='word_1_123' title='bbox 423 2155 511 2215; x_wconf 84' lang='lat' dir='ltr'><em>Malta</em></span> <span class='ocrx_word' id='word_1_124' title='bbox 534 2153 621 2231; x_wconf 71' lang='lat' dir='ltr'><strong>cipere</strong></span> <span class='ocrx_word' id='word_1_125' title='bbox 644 2153 786 2214; x_wconf 84' lang='lat' dir='ltr'><em>iamamda</em></span> <span class='ocrx_word' id='word_1_126' title='bbox 809 2152 919 2214; x_wconf 84' lang='lat' dir='ltr'><strong>mistico</strong></span> <span class='ocrx_word' id='word_1_127' title='bbox 942 2171 973 2214; x_wconf 89' lang='lat' dir='ltr'><strong>se</strong></span> <span class='ocrx_word' id='word_1_128' title='bbox 996 2153 1174 2230; x_wconf 71' lang='lat' dir='ltr'><strong>ereremum,</strong></span> <span class='ocrx_word' id='word_1_129' title='bbox 1386 2137 1430 2211; x_wconf 74' lang='lat'><strong>&#39;65</strong></span> 
     </span>
     <span class='ocr_line' id='line_1_19' title="bbox 336 2257 1431 2336; baseline -0.002 -20"><span class='ocrx_word' id='word_1_130' title='bbox 336 2258 375 2316; x_wconf 90' lang='grc'><strong>66</strong></span> <span class='ocrx_word' id='word_1_131' title='bbox 422 2258 480 2317; x_wconf 88' lang='lat' dir='ltr'><strong>Nec</strong></span> <span class='ocrx_word' id='word_1_132' title='bbox 500 2257 562 2317; x_wconf 85' lang='lat' dir='ltr'><strong>m&#39;si</strong></span> <span class='ocrx_word' id='word_1_133' title='bbox 583 2257 701 2334; x_wconf 82' lang='lat' dir='ltr'><strong>quincto</strong></span> <span class='ocrx_word' id='word_1_134' title='bbox 724 2274 802 2318; x_wconf 87' lang='grc'>3333</span> <span class='ocrx_word' id='word_1_135' title='bbox 825 2259 941 2336; x_wconf 75' lang='lat' dir='ltr'><strong>parique</strong></span> <span class='ocrx_word' id='word_1_136' title='bbox 963 2257 1081 2318; x_wconf 85' lang='lat' dir='ltr'><strong>salitum</strong></span> <span class='ocrx_word' id='word_1_137' title='bbox 1103 2257 1203 2316; x_wconf 87' lang='lat' dir='ltr'><strong>m&#39;sere</strong></span> <span class='ocrx_word' id='word_1_138' title='bbox 1392 2257 1431 2314; x_wconf 90' lang='grc'><strong>66</strong></span> 
     </span>
     <span class='ocr_line' id='line_1_20' title="bbox 335 2357 1431 2438; baseline -0.002 -20"><span class='ocrx_word' id='word_1_139' title='bbox 335 2358 375 2419; x_wconf 93' lang='grc'><strong>67</strong></span> <span class='ocrx_word' id='word_1_140' title='bbox 423 2358 540 2434; x_wconf 85' lang='lat' dir='ltr'><strong><em>Vrbem,</em></strong></span> <span class='ocrx_word' id='word_1_141' title='bbox 566 2359 655 2438; x_wconf 79' lang='lat' dir='ltr'><strong>dique</strong></span> <span class='ocrx_word' id='word_1_142' title='bbox 678 2359 829 2438; x_wconf 74' lang='lat' dir='ltr'><strong>ecetempio</strong></span> <span class='ocrx_word' id='word_1_143' title='bbox 852 2360 929 2438; x_wconf 80' lang='lat' dir='ltr'><strong>mdc,</strong></span> <span class='ocrx_word' id='word_1_144' title='bbox 955 2357 988 2419; x_wconf 79' lang='lat' dir='ltr'><strong>itt</strong></span> <span class='ocrx_word' id='word_1_145' title='bbox 1009 2359 1204 2438; x_wconf 80' lang='lat' dir='ltr'><strong>specta-uisset</strong></span> <span class='ocrx_word' id='word_1_146' title='bbox 1224 2357 1356 2438; x_wconf 81' lang='lat' dir='ltr'><em>peplum,</em></span> <span class='ocrx_word' id='word_1_147' title='bbox 1392 2357 1431 2417; x_wconf 85' lang='lat'><strong>67</strong></span> 
     </span>
     <span class='ocr_line' id='line_1_21' title="bbox 335 2458 1430 2542; baseline 0 -22"><span class='ocrx_word' id='word_1_148' title='bbox 335 2463 375 2520; x_wconf 88' lang='grc'><strong>68</strong></span> <span class='ocrx_word' id='word_1_149' title='bbox 421 2463 482 2520; x_wconf 84' lang='lat' dir='ltr'><strong>Rus</strong></span> <span class='ocrx_word' id='word_1_150' title='bbox 504 2458 613 2522; x_wconf 85' lang='lat' dir='ltr'><strong>misam</strong></span> <span class='ocrx_word' id='word_1_151' title='bbox 635 2458 790 2538; x_wconf 74' lang='lat' dir='ltr'><em>confestim</em></span> <span class='ocrx_word' id='word_1_152' title='bbox 813 2462 899 2542; x_wconf 76' lang='lat' dir='ltr'><strong>decipi</strong></span> <span class='ocrx_word' id='word_1_153' title='bbox 919 2461 1041 2522; x_wconf 82' lang='lat' dir='ltr'><strong>salitam</strong></span> <span class='ocrx_word' id='word_1_154' title='bbox 1063 2463 1083 2521; x_wconf 87' lang='lat' dir='ltr'><strong>d</strong></span> <span class='ocrx_word' id='word_1_155' title='bbox 1104 2467 1204 2541; x_wconf 88' lang='lat' dir='ltr'><strong>patre.</strong></span> <span class='ocrx_word' id='word_1_156' title='bbox 1392 2463 1430 2520; x_wconf 90' lang='grc'><strong>68</strong></span> 
     </span>
     <span class='ocr_line' id='line_1_22' title="bbox 335 2561 1431 2642; baseline 0.001 -19"><span class='ocrx_word' id='word_1_157' title='bbox 335 2566 375 2623; x_wconf 89' lang='grc'><strong>69</strong></span> <span class='ocrx_word' id='word_1_158' title='bbox 424 2561 468 2622; x_wconf 82' lang='lat' dir='ltr'><strong>lbi</strong></span> <span class='ocrx_word' id='word_1_159' title='bbox 488 2561 577 2624; x_wconf 80' lang='lat' dir='ltr'><strong>meiito</strong></span> <span class='ocrx_word' id='word_1_160' title='bbox 598 2563 729 2642; x_wconf 85' lang='lat' dir='ltr'><strong>primam</strong></span> <span class='ocrx_word' id='word_1_161' title='bbox 753 2565 815 2624; x_wconf 77' lang='lat' dir='ltr'><strong>sese</strong></span> <span class='ocrx_word' id='word_1_162' title='bbox 837 2561 1040 2642; x_wconf 78' lang='lat' dir='ltr'><strong>famiiidrium</strong></span> <span class='ocrx_word' id='word_1_163' title='bbox 1207 2615 1210 2620; x_wconf 92' lang='lat'><em>.</em></span> <span class='ocrx_word' id='word_1_164' title='bbox 1391 2565 1431 2624; x_wconf 90' lang='grc'><strong>69</strong></span> 
     </span>
     <span class='ocr_line' id='line_1_23' title="bbox 336 2664 1430 2746; baseline -0.002 -20"><span class='ocrx_word' id='word_1_165' title='bbox 336 2664 375 2726; x_wconf 88' lang='grc'><strong>79</strong></span> <span class='ocrx_word' id='word_1_166' title='bbox 424 2664 632 2743; x_wconf 68' lang='lat' dir='ltr'><strong>intermisse,</strong></span> <span class='ocrx_word' id='word_1_167' title='bbox 660 2683 747 2745; x_wconf 82' lang='lat' dir='ltr'><em>quam</em></span> <span class='ocrx_word' id='word_1_168' title='bbox 770 2664 843 2727; x_wconf 79' lang='lat' dir='ltr'><strong>haec</strong></span> <span class='ocrx_word' id='word_1_169' title='bbox 862 2675 952 2746; x_wconf 84' lang='lat' dir='ltr'><strong>pater</strong></span> <span class='ocrx_word' id='word_1_170' title='bbox 974 2665 1032 2726; x_wconf 84' lang='lat' dir='ltr'><strong>sibi</strong></span> <span class='ocrx_word' id='word_1_171' title='bbox 1054 2665 1184 2726; x_wconf 86' lang='lat' dir='ltr'><strong>diceret:</strong></span> <span class='ocrx_word' id='word_1_172' title='bbox 1391 2665 1430 2725; x_wconf 86' lang='lat'><strong>70</strong></span> 
     </span>
     <span class='ocr_line' id='line_1_24' title="bbox 337 2766 1426 2846; baseline -0.002 -18"><span class='ocrx_word' id='word_1_173' title='bbox 337 2768 371 2828; x_wconf 92' lang='grc'>74</span> <span class='ocrx_word' id='word_1_174' title='bbox 426 2767 503 2844; x_wconf 85' lang='lat' dir='ltr'><em>,Tibi</em></span> <span class='ocrx_word' id='word_1_175' title='bbox 524 2770 608 2846; x_wconf 84' lang='lat' dir='ltr'><strong>ards,</strong></span> <span class='ocrx_word' id='word_1_176' title='bbox 636 2767 690 2828; x_wconf 83' lang='lat' dir='ltr'><strong>tibi</strong></span> <span class='ocrx_word' id='word_1_177' title='bbox 710 2785 807 2846; x_wconf 86' lang='lat' dir='ltr'><strong>occas,</strong></span> <span class='ocrx_word' id='word_1_178' title='bbox 835 2767 889 2828; x_wconf 83' lang='lat' dir='ltr'><strong>tibi</strong></span> <span class='ocrx_word' id='word_1_179' title='bbox 909 2769 1003 2830; x_wconf 86' lang='lat' dir='ltr'><strong>seris:</strong></span> <span class='ocrx_word' id='word_1_180' title='bbox 1028 2768 1083 2830; x_wconf 87' lang='lat' dir='ltr'><strong>tibi</strong></span> <span class='ocrx_word' id='word_1_181' title='bbox 1103 2769 1172 2829; x_wconf 80' lang='lat' dir='ltr'><strong>item</strong></span> <span class='ocrx_word' id='word_1_182' title='bbox 1194 2773 1294 2839; x_wconf 84' lang='lat' dir='ltr'><strong>metes,</strong></span> <span class='ocrx_word' id='word_1_183' title='bbox 1392 2766 1426 2827; x_wconf 93' lang='grc'>74</span> 
     </span>
     <span class='ocr_line' id='line_1_25' title="bbox 337 2869 1431 2951; baseline 0 -20"><span class='ocrx_word' id='word_1_184' title='bbox 337 2870 377 2931; x_wconf 89' lang='grc'><strong>72</strong></span> <span class='ocrx_word' id='word_1_185' title='bbox 425 2871 489 2931; x_wconf 86' lang='lat' dir='ltr'><em>Tibi</em></span> <span class='ocrx_word' id='word_1_186' title='bbox 511 2870 636 2951; x_wconf 78' lang='lat' dir='ltr'><strong>dem&#39;qme</strong></span> <span class='ocrx_word' id='word_1_187' title='bbox 660 2870 714 2931; x_wconf 87' lang='lat' dir='ltr'><strong>iste</strong></span> <span class='ocrx_word' id='word_1_188' title='bbox 734 2871 835 2950; x_wconf 88' lang='lat' dir='ltr'><strong>pdriet</strong></span> <span class='ocrx_word' id='word_1_189' title='bbox 858 2871 1002 2932; x_wconf 74' lang='lat' dir='ltr'><em>laetitiam</em></span> <span class='ocrx_word' id='word_1_190' title='bbox 1027 2869 1136 2932; x_wconf 74' lang='grc' dir='ltr'><strong>43633.ι</strong></span> <span class='ocrx_word' id='word_1_191' title='bbox 1392 2869 1431 2932; x_wconf 89' lang='grc'><strong>72</strong></span> 
     </span>
     <span class='ocr_line' id='line_1_26' title="bbox 336 2973 1429 3053; baseline -0.001 -20"><span class='ocrx_word' id='word_1_192' title='bbox 336 2973 375 3034; x_wconf 88' lang='grc'><strong>73</strong></span> <span class='ocrx_word' id='word_1_193' title='bbox 421 2974 580 3053; x_wconf 86' lang='lat' dir='ltr'><strong>Pastqadm</strong></span> <span class='ocrx_word' id='word_1_194' title='bbox 605 2981 732 3034; x_wconf 77' lang='lat' dir='ltr'><strong>recesset</strong></span> <span class='ocrx_word' id='word_1_195' title='bbox 753 2975 820 3034; x_wconf 84' lang='lat' dir='ltr'><strong>uita</strong></span> <span class='ocrx_word' id='word_1_196' title='bbox 838 2977 939 3053; x_wconf 87' lang='lat' dir='ltr'><strong>patria</strong></span> <span class='ocrx_word' id='word_1_197' title='bbox 963 2975 1097 3053; x_wconf 77' lang='lat' dir='ltr'><strong>empore,</strong></span> <span class='ocrx_word' id='word_1_198' title='bbox 1391 2973 1429 3033; x_wconf 92' lang='grc'><strong>73</strong></span> 
     </span>
     <span class='ocr_line' id='line_1_27' title="bbox 330 3062 1430 3156; baseline -0.001 -19"><span class='ocrx_word' id='word_1_199' title='bbox 330 3062 375 3137; x_wconf 90' lang='grc'>74</span> <span class='ocrx_word' id='word_1_200' title='bbox 421 3075 536 3156; x_wconf 78' lang='lat' dir='ltr'><strong>Aprtim</strong></span> <span class='ocrx_word' id='word_1_201' title='bbox 559 3094 590 3136; x_wconf 90' lang='lat' dir='ltr'><strong>se</strong></span> <span class='ocrx_word' id='word_1_202' title='bbox 613 3074 780 3136; x_wconf 79' lang='lat' dir='ltr'><strong>uendidisse</strong></span> <span class='ocrx_word' id='word_1_203' title='bbox 803 3083 891 3156; x_wconf 78' lang='lat' dir='ltr'><strong>atque</strong></span> <span class='ocrx_word' id='word_1_204' title='bbox 912 3094 948 3135; x_wconf 90' lang='lat' dir='ltr'><strong>ea</strong></span> <span class='ocrx_word' id='word_1_205' title='bbox 967 3074 1098 3155; x_wconf 83' lang='lat' dir='ltr'><strong>pecdaia</strong></span> <span class='ocrx_word' id='word_1_206' title='bbox 1392 3075 1430 3136; x_wconf 93' lang='grc'>74</span> 
     </span>
     <span class='ocr_line' id='line_1_28' title="bbox 337 3177 1430 3258; baseline 0 -21"><span class='ocrx_word' id='word_1_207' title='bbox 337 3177 376 3237; x_wconf 92' lang='grc'><strong>75</strong></span> <span class='ocrx_word' id='word_1_208' title='bbox 423 3180 550 3256; x_wconf 79' lang='lat' dir='ltr'><em>Nauem,</em></span> <span class='ocrx_word' id='word_1_209' title='bbox 577 3185 716 3238; x_wconf 87' lang='lat' dir='ltr'><strong>metretas</strong></span> <span class='ocrx_word' id='word_1_210' title='bbox 739 3180 818 3258; x_wconf 80' lang='lat' dir='ltr'><em>quae</em></span> <span class='ocrx_word' id='word_1_211' title='bbox 840 3184 987 3238; x_wconf 82' lang='lat' dir='ltr'><strong>trecentas</strong></span> <span class='ocrx_word' id='word_1_212' title='bbox 1011 3177 1133 3255; x_wconf 83' lang='lat' dir='ltr'><strong>tdileret,</strong></span> <span class='ocrx_word' id='word_1_213' title='bbox 1392 3178 1430 3238; x_wconf 90' lang='grc'><strong>75</strong></span> 
     </span>
     <span class='ocr_line' id='line_1_29' title="bbox 336 3279 1430 3361; baseline 0.001 -22"><span class='ocrx_word' id='word_1_214' title='bbox 336 3281 376 3340; x_wconf 91' lang='grc'><strong>76</strong></span> <span class='ocrx_word' id='word_1_215' title='bbox 424 3283 564 3358; x_wconf 75' lang='lat' dir='ltr'><strong>Para‘sse,</strong></span> <span class='ocrx_word' id='word_1_216' title='bbox 592 3289 680 3360; x_wconf 83' lang='lat' dir='ltr'><strong>atque</strong></span> <span class='ocrx_word' id='word_1_217' title='bbox 702 3300 740 3340; x_wconf 88' lang='lat' dir='ltr'><strong>ea</strong></span> <span class='ocrx_word' id='word_1_218' title='bbox 761 3300 791 3342; x_wconf 87' lang='lat' dir='ltr'><strong>se</strong></span> <span class='ocrx_word' id='word_1_219' title='bbox 814 3282 923 3342; x_wconf 80' lang='lat' dir='ltr'><strong>mdrcis</strong></span> <span class='ocrx_word' id='word_1_220' title='bbox 945 3288 1097 3342; x_wconf 83' lang='grc'>33343333</span> <span class='ocrx_word' id='word_1_221' title='bbox 1119 3279 1249 3361; x_wconf 82' lang='lat' dir='ltr'><strong>dadipee</strong></span> <span class='ocrx_word' id='word_1_222' title='bbox 1294 3297 1296 3304; x_wconf 63' lang='lat'><strong>¹</strong></span> <span class='ocrx_word' id='word_1_223' title='bbox 1392 3281 1430 3341; x_wconf 89' lang='grc'><strong>76</strong></span> 
     </span>
     <span class='ocr_line' id='line_1_30' title="bbox 507 3379 1431 3444; baseline -0.001 -31"><span class='ocrx_word' id='word_1_224' title='bbox 507 3380 525 3413; x_wconf 72' lang='grc'><strong>444</strong></span> <span class='ocrx_word' id='word_1_225' title='bbox 589 3380 607 3413; x_wconf 72' lang='grc'><strong>444</strong></span> <span class='ocrx_word' id='word_1_226' title='bbox 672 3379 690 3412; x_wconf 73' lang='lat'><em>*</em></span> <span class='ocrx_word' id='word_1_227' title='bbox 754 3379 772 3412; x_wconf 73' lang='lat'><em>*</em></span> <span class='ocrx_word' id='word_1_228' title='bbox 836 3380 854 3413; x_wconf 74' lang='grc'><strong>444</strong></span> <span class='ocrx_word' id='word_1_229' title='bbox 919 3380 936 3412; x_wconf 75' lang='lat'><em>*</em></span> <span class='ocrx_word' id='word_1_230' title='bbox 1001 3379 1018 3412; x_wconf 62' lang='grc'><strong>34</strong></span> <span class='ocrx_word' id='word_1_231' title='bbox 1083 3379 1100 3412; x_wconf 61' lang='lat' dir='ltr'><strong>di</strong></span> <span class='ocrx_word' id='word_1_232' title='bbox 1165 3379 1183 3413; x_wconf 68' lang='lat'><em>*</em></span> <span class='ocrx_word' id='word_1_233' title='bbox 1391 3383 1431 3444; x_wconf 74' lang='lat'><strong>77</strong></span> 
     </span>
     <span class='ocr_line' id='line_1_31' title="bbox 336 3483 1431 3566; baseline 0 -21"><span class='ocrx_word' id='word_1_234' title='bbox 336 3485 376 3546; x_wconf 93' lang='grc'><strong>77</strong></span> <span class='ocrx_word' id='word_1_235' title='bbox 423 3483 501 3546; x_wconf 76' lang='lat' dir='ltr'><strong>met</strong></span> <span class='ocrx_word' id='word_1_236' title='bbox 523 3486 604 3563; x_wconf 87' lang='lat' dir='ltr'><strong>dum,</strong></span> <span class='ocrx_word' id='word_1_237' title='bbox 632 3504 710 3566; x_wconf 80' lang='lat' dir='ltr'><em>quae</em></span> <span class='ocrx_word' id='word_1_238' title='bbox 732 3493 794 3546; x_wconf 84' lang='lat' dir='ltr'><strong>tam</strong></span> <span class='ocrx_word' id='word_1_239' title='bbox 816 3485 948 3563; x_wconf 73' lang='lat' dir='ltr'><strong>habiret,</strong></span> <span class='ocrx_word' id='word_1_240' title='bbox 969 3486 1135 3565; x_wconf 79' lang='lat' dir='ltr'><strong>peperisset</strong></span> <span class='ocrx_word' id='word_1_241' title='bbox 1156 3485 1242 3546; x_wconf 81' lang='lat' dir='ltr'><em>bana.</em></span> <span class='ocrx_word' id='word_1_242' title='bbox 1392 3486 1431 3546; x_wconf 87' lang='grc'><strong>78</strong></span> 
     </span>
     <span class='ocr_line' id='line_1_32' title="bbox 336 3585 1430 3668; baseline 0 -20"><span class='ocrx_word' id='word_1_243' title='bbox 336 3589 376 3648; x_wconf 90' lang='grc'><strong>78</strong></span> <span class='ocrx_word' id='word_1_244' title='bbox 423 3591 467 3649; x_wconf 87' lang='lat' dir='ltr'><strong>Me</strong></span> <span class='ocrx_word' id='word_1_245' title='bbox 491 3589 565 3649; x_wconf 79' lang='lat' dir='ltr'><strong>idem</strong></span> <span class='ocrx_word' id='word_1_246' title='bbox 588 3587 702 3663; x_wconf 83' lang='lat' dir='ltr'><strong>decere,</strong></span> <span class='ocrx_word' id='word_1_247' title='bbox 728 3588 764 3665; x_wconf 86' lang='lat' dir='ltr'><strong>si,</strong></span> <span class='ocrx_word' id='word_1_248' title='bbox 790 3585 825 3648; x_wconf 78' lang='lat' dir='ltr'><strong>tit</strong></span> <span class='ocrx_word' id='word_1_249' title='bbox 847 3586 963 3648; x_wconf 86' lang='lat' dir='ltr'><strong>deceret</strong></span> <span class='ocrx_word' id='word_1_250' title='bbox 983 3590 1039 3661; x_wconf 79' lang='lat' dir='ltr'><strong>md,</strong></span> <span class='ocrx_word' id='word_1_251' title='bbox 1065 3587 1172 3668; x_wconf 85' lang='lat' dir='ltr'><strong>sorem.</strong></span> <span class='ocrx_word' id='word_1_252' title='bbox 1392 3588 1430 3648; x_wconf 91' lang='grc'><strong>79</strong></span> 
     </span>
     <span class='ocr_line' id='line_1_33' title="bbox 336 3690 1430 3772; baseline 0 -21"><span class='ocrx_word' id='word_1_253' title='bbox 336 3694 375 3751; x_wconf 92' lang='grc'><strong>49</strong></span> <span class='ocrx_word' id='word_1_254' title='bbox 422 3693 542 3751; x_wconf 80' lang='lat' dir='ltr'><em>Samma</em></span> <span class='ocrx_word' id='word_1_255' title='bbox 567 3690 640 3752; x_wconf 77' lang='lat' dir='ltr'><strong>iaec</strong></span> <span class='ocrx_word' id='word_1_256' title='bbox 663 3690 803 3751; x_wconf 87' lang='lat' dir='ltr'><strong>ciamare.</strong></span> <span class='ocrx_word' id='word_1_257' title='bbox 837 3691 994 3752; x_wconf 82' lang='lat' dir='ltr'><strong>Iate&#39;rdum</strong></span> <span class='ocrx_word' id='word_1_258' title='bbox 1016 3709 1156 3752; x_wconf 84' lang='grc'>33333333</span> <span class='ocrx_word' id='word_1_259' title='bbox 1179 3692 1333 3772; x_wconf 71' lang='grc'>3634333343</span> <span class='ocrx_word' id='word_1_260' title='bbox 1393 3692 1430 3751; x_wconf 92' lang='grc'><strong>59</strong></span> 
     </span>
     <span class='ocr_line' id='line_1_34' title="bbox 335 3794 1430 3874; baseline 0.001 -22"><span class='ocrx_word' id='word_1_261' title='bbox 335 3795 375 3853; x_wconf 89' lang='grc'><strong>59</strong></span> <span class='ocrx_word' id='word_1_262' title='bbox 422 3794 592 3854; x_wconf 82' lang='lat' dir='ltr'><em>Caaaitium</em></span> <span class='ocrx_word' id='word_1_263' title='bbox 615 3800 657 3854; x_wconf 85' lang='lat' dir='ltr'><strong>tot</strong></span> <span class='ocrx_word' id='word_1_264' title='bbox 677 3810 723 3854; x_wconf 91' lang='lat' dir='ltr'><strong>me</strong></span> <span class='ocrx_word' id='word_1_265' title='bbox 744 3794 839 3854; x_wconf 82' lang='grc'>63333</span> <span class='ocrx_word' id='word_1_266' title='bbox 862 3795 922 3855; x_wconf 89' lang='lat' dir='ltr'><strong>iam</strong></span> <span class='ocrx_word' id='word_1_267' title='bbox 944 3811 974 3854; x_wconf 88' lang='lat' dir='ltr'><strong>se</strong></span> <span class='ocrx_word' id='word_1_268' title='bbox 994 3795 1139 3874; x_wconf 86' lang='lat' dir='ltr'><strong>pdscere;</strong></span> <span class='ocrx_word' id='word_1_269' title='bbox 1393 3795 1430 3854; x_wconf 88' lang='grc'><strong>55</strong></span> 
     </span>
    </p>
   </div>
   <div class='ocr_carea' id='block_1_3' title="bbox 292 4030 1454 4167">
    <p class='ocr_par' dir='ltr' id='par_1_3' title="bbox 292 4030 1454 4167">
     <span class='ocr_line' id='line_1_35' title="bbox 362 4030 1454 4096; baseline 0.004 -18"><span class='ocrx_word' id='word_1_270' title='bbox 362 4031 386 4092; x_wconf 81' lang='lat' dir='ltr'><strong>t)</strong></span> <span class='ocrx_word' id='word_1_271' title='bbox 407 4030 544 4093; x_wconf 82' lang='lat' dir='ltr'><strong>Ceterum,</strong></span> <span class='ocrx_word' id='word_1_272' title='bbox 564 4030 611 4080; x_wconf 88' lang='lat' dir='ltr'><strong>ubi</strong></span> <span class='ocrx_word' id='word_1_273' title='bbox 624 4043 676 4080; x_wconf 90' lang='lat' dir='ltr'><strong>non</strong></span> <span class='ocrx_word' id='word_1_274' title='bbox 690 4033 825 4096; x_wconf 79' lang='lat' dir='ltr'><strong>expressis</strong></span> <span class='ocrx_word' id='word_1_275' title='bbox 838 4030 930 4081; x_wconf 85' lang='lat' dir='ltr'><strong>uerbis</strong></span> <span class='ocrx_word' id='word_1_276' title='bbox 943 4033 1075 4082; x_wconf 88' lang='lat' dir='ltr'><strong>monitum</strong></span> <span class='ocrx_word' id='word_1_277' title='bbox 1089 4034 1138 4094; x_wconf 82' lang='lat' dir='ltr'><strong>est,</strong></span> <span class='ocrx_word' id='word_1_278' title='bbox 1159 4031 1297 4082; x_wconf 77' lang='grc'>8443353444</span> <span class='ocrx_word' id='word_1_279' title='bbox 1311 4032 1454 4083; x_wconf 82' lang='lat' dir='ltr'><strong>lectionem</strong></span> 
     </span>
     <span class='ocr_line' id='line_1_36' title="bbox 292 4117 398 4167; baseline -0.009 0"><span class='ocrx_word' id='word_1_280' title='bbox 292 4117 398 4167; x_wconf 82' lang='lat' dir='ltr'><strong>retinui.</strong></span> 
     </span>
    </p>
   </div>
   <div class='ocr_carea' id='block_1_4' title="bbox 0 0 1571 5028">
    <p class='ocr_par' dir='ltr' id='par_1_4' title="bbox 0 0 1571 5028">
     <span class='ocr_line' id='line_1_37' title="bbox 0 0 1571 5028; baseline 0 0"><span class='ocrx_word' id='word_1_281' title='bbox 0 0 1571 5028; x_wconf 95' lang='lat' dir='ltr'><strong> </strong></span> 
     </span>
    </p>
   </div>
  </div>
 </body>
</html>
