3126 5028
363 495 365 499 ,
459 436 662 508 Qvlssrronns
686 455 838 499 nrarern.
1190 435 1230 496 65

85 605 166 682 absit,
187 613 217 666 et
231 605 314 669 idem
329 606 515 668 uocabulum
531 611 623 669 etiarn
640 629 693 670 uu.
713 611 785 668 664.
806 609 867 668 668
885 608 1052 684 omittatur,
1078 608 1233 694 eleganter

86 709 222 770 restituit:
250 709 305 769 Ha
326 708 417 771 ribus
440 711 517 773 aiios
538 715 613 791 pdee
635 730 707 773 sone
730 713 828 792 inquii
850 711 965 788 decem3
992 710 1093 770 scribe
1115 711 1229 789 potius:

201 812 258 872 His
280 812 381 888 rides,
407 802 513 893 iaq'oii,
537 818 614 895 pdoe
636 835 710 876 sone
733 816 810 876 aiids
832 815 940 876 decem.
967 826 1009 858 —'-

162 915 221 974 llac
253 913 293 974 de
331 933 424 976 causa
462 935 524 976 non
554 896 673 978 licebit*
691 937 789 979 unum
819 937 890 978 eum
920 935 1047 977 uersum
1083 917 1231 978 intactum

85 1016 258 1096 relinquere,
277 1018 366 1077 cuius
388 1019 519 1079 uitiosus
535 1021 637 1082 exitus
654 1022 791 1081 omniurn
815 1021 964 1082 librorum
987 1037 1141 1080 consensu
1164 1029 1233 1078 tra-

84 1117 168 1196 ditur,
192 1121 372 1199 praesertim
395 1138 466 1181 cum
489 1122 515 1182 is
538 1121 679 1182 facillime
702 1122 859 1183 emendari
882 1123 997 1202 possit:

162 1223 268 1281 lleaut.
295 1223 373 1282 304:
406 1223 459 1283 Vbi
481 1223 608 1284 dicimus
628 1225 742 1288 redisse
765 1233 791 1287 te
814 1228 842 1286 et
862 1226 1013 1305 repere,
1039 1225 1099 1284 uti

411 1326 528 1387 Veniret
549 1326 591 1386 cd
612 1335 649 1404 ie,
675 1326 784 1388 mdiier
806 1329 896 1388 teiam
919 1328 1035 1387 de'sioit.

85 1427 153 1486 Naro
174 1427 240 1487 coll.
268 1427 339 1486 lieo.
366 1428 443 1486 809:
472 1429 527 1488 Dic
551 1447 596 1489 me
618 1449 709 1490 orare
732 1439 766 1491 ut
786 1433 899 1491 ueru'ol.
934 1431 1013 1490 Eun.
1041 1429 1120 1490 528:
1146 1427 1236 1489 Misit

82 1549 165 1608 porro
187 1549 278 1589 orare
293 1536 327 1589 ui
342 1532 473 1590 uenirem
490 1532 578 1591 serio.
611 1530 707 1593 Andr.
735 1532 813 1592 687:
842 1535 941 1593 Orore
956 1533 1043 1592 iussit
1056 1532 1084 1591 si
1098 1548 1129 1591 se
1152 1549 1233 1590 ames

85 1650 132 1690 ero
153 1633 212 1691 iorn
236 1639 271 1692 ret
293 1631 334 1691 ad
355 1650 419 1693 sese
441 1635 558 1709 uenias,
585 1633 733 1695 docemur
754 1635 805 1696 illo
827 1654 951 1714 quoque
973 1652 1067 1696 uersu
1092 1633 1235 1693 seriben-

85 1732 150 1792 durn
173 1751 256 1794 esse:

207 1836 260 1897 Vbi
281 1837 410 1898 dicimus
431 1838 545 1900 redisse
569 1842 596 1900 te
617 1848 645 1900 et
667 1842 757 1900 ordre
778 1843 833 1902 uti.

162 1939 247 2000 Alius
277 1959 388 2002 uersus
415 1942 545 2002 uitiosus
568 1944 771 2004 Terentianus
794 1962 864 2003 cum
887 1941 992 2003 nullus
1022 1951 1120 2019 extet,
1153 1941 1235 2018 leges

85 2041 145 2101 illas
165 2041 244 2104 duas
271 2044 289 2103 a'
312 2045 453 2104 Terentio
476 2041 599 2123 quoque
622 2043 803 2106 obseruatas
825 2064 894 2106 esse
917 2054 1045 2105 constat.
1070 2045 1236 2103 -Liceat

86 2143 137 2219 ipsi
152 2147 292 2206 Terentio
314 2145 482 2225 adiungere
505 2165 585 2225 quae
606 2149 637 2206 in
655 2149 782 2227 Sulpicii
797 2148 983 2226 Apollinaris
1006 2146 1156 2225 periochis
1173 2147 1237 2204 rni—

87 2265 139 2308 nus
161 2259 240 2309 recte
263 2247 344 2309 edita
367 2267 435 2309 esse
458 2249 613 2311 uidentur.
654 2251 755 2329 Atque
778 2252 843 2312 Per.
870 2250 909 2311 ad
932 2251 1040 2310 lleaut.
1060 2252 1095 2309 9:

206 2351 305 2413 Suelio
327 2353 438 2412 celaret
463 2353 597 2432 Clitipho.
633 2353 680 2413 lic
702 2353 851 2415 technis
875 2354 967 2432 Syri

206 2456 314 2516 Decem
336 2455 435 2515 mr‘ea's
458 2456 666 2517 meretriculae
689 2456 792 2537 aufert
812 2458 832 2515 d
856 2475 923 2516 sene
947 2473 949 2478 ·

89 2557 136 2614 uix
157 2575 233 2634 opus
256 2568 306 2619 est
329 2558 505 2618 restituere:
535 2558 674 2638 Clitipho.
700 2560 749 2621 tic
770 2557 894 2620 medicis
917 2559 999 2640 Syri.
1027 2593 1063 2601 -

166 2660 230 2719 Per.
257 2660 298 2721 ad
321 2661 393 2720 llec.
420 2662 455 2719 6:
484 2660 570 2720 Hanc
591 2664 689 2722 rodier
711 2669 796 2722 utero
818 2663 996 2743 procidam,
1027 2680 1064 2719 oe
1086 2660 1118 2720 id
1140 2661 1241 2720 scidi

742 2842 744 2846 ,
824 2762 972 2839 soeriis,

496 2867 530 2927 Vt
551 2868 676 2946 ciprani
699 2865 740 2925 ad
761 2884 825 2926 sese
848 2865 1005 2945 troossert.

91 2964 134 3024 Sic
153 2965 253 3027 librie
273 2969 451 3030 recensione
474 2969 621 3046 Galliopii.
663 2966 689 3028 A
711 2987 767 3048 pro
788 2989 826 3029 oe
849 2968 881 3028 id
901 2971 978 3030 scint
999 2985 1103 3028 socrus
1125 2968 1155 3026 in
1180 2967 1241 3026 line

90 3085 191 3130 uersus
211 3081 284 3148 post
306 3071 470 3152 providum
493 3070 619 3131 exhibet
646 3073 788 3150 comperit
809 3081 863 3133 aut
885 3089 951 3130 crim
974 3072 1124 3150 comperit,
1157 3068 1241 3131 unde

91 3167 156 3232 haee
178 3174 248 3234 olim
271 3172 368 3234 luisse
391 3174 538 3234 conicias:

208 3277 298 3338 Haec
321 3279 418 3342 miter
440 3283 524 3337 utero
547 3293 635 3356 quom
658 3279 721 3337 e'sse
742 3277 904 3356 prouidere
929 3249 1070 3356 rdorperr't

140 3377 187 3437 uel
210 3379 300 3440 llaec
322 3381 419 3439 indier
440 3386 527 3439 litero
548 3379 710 3459 prdur'dom
735 3397 822 3460 quom
844 3397 907 3441 esse
929 3355 1072 3458 edmperit

132 3477 187 3556 (uel
209 3485 298 3542 Hanc
320 3484 417 3544 mdter
438 3490 523 3542 litero
543 3481 706 3561 prdur'dom
725 3491 883 3563 postquam
907 3479 1074 3562 edmperit).

92 3597 123 3638 oe
143 3583 173 3642 id
193 3585 271 3646 sciat
293 3603 398 3646 socrus
421 3585 569 3664 glossema
593 3584 689 3644 luisse
711 3594 743 3644 et
762 3586 793 3644 in
817 3586 918 3663 ipsum
943 3592 1119 3644 contextum
1136 3590 1241 3661 postea

95 3695 238 3762 receptum
251 3705 322 3748 esse
334 3685 470 3748 uidetur.
495 3687 594 3747 Minus
610 3688 690 3746 enirn
707 3687 884 3747 uerisimile
897 3697 945 3746 est
955 3688 1031 3746 haec
1043 3684 1114 3745 olim
1126 3685 1237 3745 luisse:

210 3791 300 3850 lianc
321 3792 430 3867 miter,
455 3806 492 3850 ne
514 3797 599 3849 utero
621 3789 786 3869 prditidoro
808 3791 972 3868 comperiet
993 3806 1107 3849 socrus.
1133 3823 1177 3832 ——

169 3993 206 4055 Vt
241 3993 327 4074 apud
363 3995 503 4055 Plautum
534 3996 789 4074 Terentiumque,
822 3995 863 4055 ita
893 3995 985 4055 etiam
1009 3993 1098 4075 apud
1129 4005 1245 4056 ceteros

95 4104 189 4168 poetas
203 4099 371 4175 scaenicos
390 4114 523 4175 qnorum
540 4097 707 4177 fragmenta
724 4096 913 4159 Ribbeclrius
929 4099 1092 4175 recensuit,
1113 4098 1244 4157 maxima

97 4213 159 4271 pars
179 4219 329 4262 uersuum
355 4201 534 4261 uitiosorum
559 4201 745 4261 coniecturis
768 4199 917 4260 debetur:

141 4314 284 4372 Sindonum,
298 4317 391 4358 Studien
411 4319 428 4356 Ι.
1077 4323 1091 4367 5
