3176 5028
506 454 713 526 Qvursuoms
735 471 888 524 uernum.
1235 451 1271 517 ³¹

109 631 203 701 esset,
230 623 258 686 si
281 624 315 685 C.
342 623 373 691 F.
401 623 437 688 G.
464 623 630 685 Muellerus
660 621 791 708 (Nachtr.
820 643 848 684 z.
872 623 916 683 Pl.
942 622 988 684 Pr.
1014 640 1046 701 p.
1073 622 1112 685 83
1137 619 1198 703 sq.)
1225 638 1277 685 eos

111 743 224 786 uersus
248 734 331 786 reete
354 718 633 803 condemnauisset‚
659 727 775 807 quibus
788 727 845 787 siet
857 743 914 806 pre
928 725 968 785 sit
981 723 1077 784 forma
1093 722 1184 790 aliam
1199 741 1278 792 uer-

110 928 217 991 traditi
241 938 315 992 sunt
335 931 383 992 hi:

200 1025 292 1111 Puen.
318 1049 331 1110 1
356 1050 384 1130 i,
412 1049 469 1114 20:
499 1049 554 1111 Vbi
575 1047 736 1115 dudum
758 1047 791 1112 td
814 1051 883 1128 um,
909 1067 961 1132 epo
981 1047 1139 1129 pendeam.

201 1152 296 1214 Stich.
388 1153 468 1218 202:
494 1148 621 1226 Adeunt,
646 1153 838 1231 perquirunt,
865 1151 939 1234 quid
959 1152 1015 1219 u'el
1036 1169 1167 1223 cautae,
1192 1150 1274 1213 ilico.

112 1269 252 1353 Apparet
266 1245 369 1333 aulem
385 1273 441 1334 siet
455 1271 599 1334 uocabuli
615 1270 747 1333 eandem
762 1289 830 1334 esse
846 1270 1065 1349 candidianum,
1085 1289 1178 1350 quem
1190 1278 1279 1331 eete-

111 1393 220 1436 rarum
235 1374 409 1455 pleniorum
424 1372 603 1446 iermarum,
629 1384 752 1456 praeter
766 1393 845 1455 quas
860 1374 1020 1438 breuiores
1039 1392 1163 1454 quoque
1179 1391 1278 1434 usur-

112 1486 169 1558 pat
190 1479 326 1557 Plautus
352 1477 454 1539 uelut:
483 1478 598 1538 daurtut
617 1474 724 1558 (deut),
750 1475 837 1538 deaut
855 1473 959 1557 (deut),
985 1474 1071 1554 fuum
1097 1475 1186 1557 (sim),
1206 1494 1278 1537 ere-

112 1581 206 1642 duum
231 1580 368 1641 ereduim
387 1577 543 1659 (credam),
561 1580 705 1660 perdumt
730 1577 876 1662 (perdunt)
896 1587 954 1640 atu.
988 1579 1049 1639 llas
1064 1579 1146 1639 enim
1162 1577 1278 1638 ferulas

114 1691 147 1743 et
167 1683 252 1762 ipsas
268 1683 434 1744 maximam
456 1684 622 1762 partemin
639 1685 699 1745 fine
714 1700 865 1745 uersuum
880 1697 1040 1742 occurrere
1055 1689 1183 1742 constat.
1214 1677 1278 1741 Sed

114 1785 141 1845 si
164 1784 206 1844 ob
227 1784 307 1845 hane
329 1803 394 1846 rem
417 1787 516 1864 ipsam
539 1787 593 1846 uix
608 1784 738 1847 dublum
762 1803 831 1847 esse
852 1793 963 1864 potest,
989 1785 1066 1864 quin
1081 1784 1221 1844 metricas
1237 1780 1278 1842 ob

114 1906 227 1948 causas
247 1897 337 1966 poeta
360 1889 417 1950 has
439 1887 553 1950 formas
575 1889 632 1949 hoe
653 1889 819 1969 praecipue
840 1888 905 1949 loeo
929 1886 1122 1965 adhibuerit,
1155 1893 1278 1966 praeter

114 1993 208 2052 linem
232 1992 277 2052 eis
299 2009 424 2071 quoque
445 2009 557 2053 uersus
579 1990 720 2071 partibus
743 1993 799 2053 siet
819 1991 901 2052 duim
922 1991 1038 2053 denunt
1052 1997 1107 2051 ete.
1133 1985 1278 2050 terendae

113 2104 199 2174 sunt,
234 2093 349 2174 quibus
372 2095 427 2154 uix
448 2095 552 2155 minus
584 2111 677 2173 quam
699 2094 732 2153 in
762 2093 822 2159 line
852 2093 989 2154 iambum
1021 2092 1072 2156 uel
1101 2089 1277 2152 trochaeum
1397 2081 1402 2084 ’

113 2196 253 2277 spondeo
279 2196 463 2277 praetulisse
492 2197 633 2259 Plautum
662 2197 862 2258 obseruatum
892 2206 949 2258 est.
994 2197 1100 2275 ltaque
1127 2191 1278 2254 eiusmodi

113 2300 232 2362 lormae
254 2317 317 2360 nen
339 2309 412 2361 sunt
435 2298 653 2377 sollicitandam,
673 2301 699 2361 si
715 2307 882 2361 oeeurrunt
895 2300 927 2360 in
949 2297 1029 2380 pede
1051 2298 1151 2378 primo
1173 2304 1279 2374 septe-

113 2403 211 2481 narii,
244 2403 333 2464 uelut
354 2404 444 2466 llere.
473 2404 529 2464 404
562 2401 680 2486 (dues);
706 2402 765 2464 llil.
787 2405 849 2466 299
877 2400 987 2484 (suut);
1013 2402 1045 2462 in
1068 2401 1176 2481 quinto
1196 2397 1277 2480 pade

113 2507 297 2586 septenarii:
326 2506 413 2587 Capt.
441 2505 500 2566 443
530 2503 642 2590 (44444345
669 2506 782 2586 Amph.
809 2505 870 2568 672
898 2503 1059 2588 (neuneu
1089 2507 1167 2566 lien.
1195 2503 1277 2563 4038

119 2607 285 2693 (reddibo);
311 2610 344 2670 in
366 2604 445 2688 pede
468 2616 578 2687 quartu
600 2608 729 2669 senarii:
757 2605 827 2669 Aul.
850 2609 889 2670 lV
910 2610 939 2686 6,
967 2610 986 2668 6
1015 2606 1137 2688 (duuu);
1163 2603 1275 2666 Pseud.
1309 2605 1323 2620 “

113 2712 177 2775 767
198 2709 354 2793 (denunt);
373 2711 462 2790 Cept.
480 2709 543 2772 ⁷28
565 2708 729 2792 (perdut's);
755 2712 844 2773 Poeu.
864 2711 902 2772 Ill
919 2712 948 2790 4,
968 2712 1009 2771 34
1029 2708 1183 2791 (pertinit).
1217 2705 1279 2769 Sed

113 2835 153 2878 ne
175 2816 225 2876 his
241 2812 369 2893 quidem
392 2813 508 2874 finibus
524 2831 601 2874 usus
617 2812 785 2874 formarum
799 2815 922 2876 illarum
943 2813 1194 2892 eimumseriptus
1209 2827 1279 2872 esse

112 2917 251 2980 uidetur.
297 2916 448 2988 Quamuis
470 2917 551 2976 enim
576 2925 734 2998 corruptus
756 2917 872 2980 habeas
895 2917 951 2980 hos
973 2931 1101 2978 uersus:

201 3041 284 3100 Men.
311 3035 388 3097 idi:
418 3037 479 3112 Qui
498 3036 583 3098 illum
608 3037 641 3099 di
654 3056 753 3099 omues
772 3037 966 3120 perduint,
994 3037 1048 3118 qui
1059 3035 1178 3116 primus
1194 3050 1279 3095 eom-

533 3146 662 3202 meutust
682 3134 805 3226 (male).

113 3262 193 3325 male
216 3260 308 3322 abest
336 3278 353 3320 a
383 3257 557 3338 eodierlms,
591 3257 711 3322 addidit
733 3261 933 3338 liitsehelius3
965 3261 1119 3322 Lomanus
1143 3257 1227 3318 hunc
1248 3253 1279 3316 in

113 3365 245 3428 modum
268 3365 362 3424 finem
384 3379 496 3422 uersus
519 3363 690 3424 constituit:
722 3399 765 3409 -
789 3365 909 3450 primus
937 3363 991 3447 qui
1015 3370 1194 3426 commentus
1216 3365 1275 3435 θεὶς

114 3469 243 3533 Bothius
271 3473 429 3547 praeterea
458 3463 580 3527 addidit
601 3466 734 3548 deaeque
755 3465 797 3528 ad
819 3466 868 3544 di,
902 3475 939 3528 ut
966 3467 1046 3528 bene
1069 3465 1214 3528 uideatur
1235 3461 1280 3522 sie

113 3589 229 3633 uersus
253 3568 438 3630 constitutus
460 3586 547 3630 esse:

416 3690 477 3763 Qui
495 3688 582 3756 illum
604 3689 639 3753 di
667 3681 835 3776 (deaeque)
865 3691 964 3752 emme
990 3686 1136 3770 perdunt,
1161 3683 1278 3766 primus

536 3791 590 3872 qui
611 3794 792 3854 commeatus
816 3800 869 3853 est.

204 3909 293 3991 Capt.
312 3909 389 3972 260:
418 3911 517 3991 Neque
533 3909 668 3987 tenebis,
694 3912 721 3972 si
737 3910 881 3972 ubedmus
896 3911 974 3988 hine,
1000 3911 1028 3970 si
1049 3907 1136 3987 fuat
1149 3905 1276 3969 oecdsin.

113 4011 200 4095 apud
218 4011 320 4073 Fleek.
340 4012 447 4073 merite
469 4012 588 4074 editum
610 4023 672 4075 est:
692 4015 721 4076 si
742 4016 811 4076 diue
833 4013 987 4090 alendum,
1011 4014 1039 4073 sl
1059 4012 1129 4094 fiedt
1149 4011 1277 4071 oecdsio.

203 4118 289 4178 llost.
313 4115 389 4175 l30:
415 4110 649 4177 'Admiuiculum
664 4117 707 4178 eis
722 4115 839 4177 danunt
855 4123 915 4177 lum
931 4116 993 4176 ium
1008 4113 1141 4194 dlr'quem
1162 4130 1278 4194 coquu-

538 4218 598 4278 idue
622 4237 708 4280 suum
