3176 5028
327 481 380 526 rur
435 530 439 540 ,
629 466 805 526 Puoonm'ru
830 465 973 526 Grrusulu
996 467 1184 528 Srvnurrrun.

328 633 464 711 deesset,
490 639 682 699 tamencum
705 635 793 700 nulla
814 635 961 718 opinionc
984 635 1199 719 praeimlicbta
1218 625 1416 712 ducerentur,
1441 633 1491 698 la-

327 735 412 802 boris
434 737 568 802 fructum
592 736 738 802 idoneum
763 743 979 821 perceperunt.
1019 733 1171 802 Codicum
1187 737 1386 822 optimorum,
1410 748 1490 820 quos

327 841 397 925 ipse
426 839 561 917 contuli,
591 839 760 916 lectiones,
791 840 844 905 ubi
874 859 954 924 opus
984 859 1054 905 esse
1076 847 1257 920 censerent,
1284 840 1374 905 utin
1396 859 1488 904 suum

327 962 420 1007 usum
442 940 654 1008 describerent
676 943 821 1027 permisi;
848 943 935 1025 item,
961 943 990 1008 si
1012 942 1088 1025 quid
1110 943 1143 1006 in
1165 943 1282 1008 scholis
1304 960 1325 1008 a
1347 961 1397 1007 me
1415 960 1490 1026 pro-

327 1048 474 1116 babiliter
506 1043 707 1109 emendatum
740 1063 811 1110 esse
843 1043 1017 1122 uideretur,
1058 1045 1199 1111 concessi
1233 1052 1268 1112 ut
1300 1045 1487 1130 proferrent.

327 1151 479 1232 Plagulas
502 1135 586 1232 typis
609 1145 785 1231 descriptas
807 1147 985 1230 corrigendi
1014 1148 1191 1214 molestiam
1220 1149 1282 1233 ipsi
1305 1149 1489 1234 plerumque

329 1245 556 1318 sustinuerunt.
589 1251 730 1314 Aliorum
754 1247 982 1334 philologorum
1013 1251 1092 1316 uitia
1114 1251 1253 1334 maligne
1275 1251 1362 1336 carpi
1384 1251 1485 1316 cetui:

327 1357 406 1421 iussi
425 1355 509 1420 enim
525 1353 697 1437 discipulos
719 1373 807 1418 meos
830 1353 930 1418 cuiuis
953 1353 1152 1418 mediocriter
1174 1354 1266 1420 docto
1288 1361 1409 1420 tantum
1432 1355 1489 1418 tri-

327 1453 433 1539 buere,
459 1463 611 1540 quantum
633 1453 693 1521 sibi
716 1455 851 1521 fortasse
872 1457 1074 1538 adrogarent,
1098 1456 1299 1540 alienumque
1327 1457 1487 1540 ingenium

328 1579 454 1628 suarum
478 1579 603 1642 semper
625 1557 811 1624 facultatum
833 1559 959 1625 modulo
982 1559 1096 1624 metiri.
1136 1558 1226 1637 Quae
1247 1561 1299 1625 lex
1321 1579 1391 1625 cum
1418 1560 1489 1624 ubi·
1570 1575 1571 1582 ¹

327 1685 388 1749 que
411 1672 477 1729 tum
499 1663 532 1727 ln
554 1660 615 1726 bac
636 1665 721 1726 terra
742 1661 942 1727 obseruanda
956 1669 1028 1726 esse
1043 1660 1219 1742 uidebatur,
1244 1663 1334 1728 cuius
1352 1662 1489 1728 maxime

327 1788 427 1850 aegra
448 1785 486 1831 ac
508 1765 574 1830 fere
597 1763 742 1848 deposita
765 1784 839 1856 pars
861 1764 965 1830 adbuc
987 1771 1055 1830 erat
1076 1765 1308 1850 philologorum
1335 1765 1489 1832 institutio

328 1870 530 1951 studiumque
545 1866 762 1934 humanitatis.
788 1869 905 1953 Recepi
919 1868 952 1933 in
968 1867 1051 1934 huuc
1062 1868 1203 1936 libellum
1216 1876 1341 1954 praeter
1356 1868 1489 1951 Augusti

327 1973 432 2038 Luchs
454 1970 628 2036 mancosis
651 1971 850 2052 quaestiones
873 1971 1020 2037 metricas
1042 1978 1073 2036 et
1087 1970 1228 2037 Eduardi
1243 1972 1366 2037 Becker
1381 1970 1489 2036 Virce-

329 2075 493 2159 burgensis
507 2073 731 2156 grammaticas
746 2072 997 2138 dissertationem
1013 2073 1053 2139 de
1068 2075 1246 2140 retractatis
1262 2074 1377 2140 fabulis
1392 2075 1488 2140 Plau-

327 2179 402 2244 tinis
423 2199 444 2244 a
458 2175 620 2261 Leopoldo
635 2175 811 2243 Reinhardt
826 2176 1111 2262 Gryphisualdensi
1127 2178 1336 2262 conscriptam
1348 2179 1367 2262 ¹)
1381 2201 1387 2258 ;
1407 2195 1488 2259 quae

327 2283 387 2347 etsi
409 2280 535 2363 longius
557 2280 598 2344 ab
620 2299 658 2345 eo
680 2278 812 2344 consilio
841 2279 949 2358 abest,
980 2280 1064 2362 quod
1093 2281 1126 2346 in
1153 2281 1214 2346 hac
1243 2281 1366 2365 sylloge
1388 2279 1488 2345 secuti

328 2403 447 2463 sumus,
472 2391 578 2448 tumen
600 2401 692 2450 suum
712 2383 816 2448 locum
830 2381 882 2447 bic
898 2388 1015 2459 teneat,
1041 2404 1080 2448 ne
1095 2383 1323 2449 obliuiscantur
1337 2383 1489 2468 philologi
1572 2377 1573 2466 l

236 2523 240 2536 ·
327 2489 360 2552 in
383 2487 486 2570 patria
508 2505 591 2563 mea,
616 2506 710 2568 quam
733 2486 810 2551 artis
830 2485 988 2550 amicitiae
1003 2491 1034 2551 et
1048 2486 1251 2569 gratitudinis
1267 2486 1402 2550 uinculis
1418 2506 1489 2550 cum

327 2589 492 2655 academia
507 2588 793 2674 Grypbisualdensi
817 2607 867 2653 me
882 2587 1080 2653 coniunctum
1104 2609 1174 2654 esse
1195 2590 1342 2655 sentiam.
1382 2588 1489 2666 Quae-

328 2693 447 2758 stioues
470 2691 634 2771 metricas,
666 2711 745 2773 quas
774 2691 844 2776 ipse
866 2692 1058 2776 conscripsi,
1091 2692 1181 2759 alteri
1204 2693 1297 2759 huius
1320 2691 1489 2757 uoluminis

328 2794 479 2860 fasciculo
501 2793 619 2860 inuitus
642 2793 815 2874 resemaui,
840 2813 880 2858 ne
902 2793 1000 2859 libelli
1023 2793 1117 2860 buius
1140 2795 1219 2861 fines
1239 2793 1484 2879 transgrederer.

328 2898 429 2974 Quem
451 2897 504 2980 qui
533 2903 704 2980 sequentur
732 2897 876 2963 fasciculi
904 2897 1020 2980 partim
1049 2897 1148 2963 latina
1175 2897 1289 2982 partim
1320 2898 1490 2964 uernacula

327 3001 437 3083 lingua
463 3000 716 3078 conscribentur,
746 3019 841 3082 quam
869 3000 902 3064 in
930 2999 990 3065 hac
1019 3007 1102 3066 terra
1129 3001 1298 3086 praecipue
1324 3000 1490 3066 colendam

328 3122 399 3168 esse
421 3119 530 3168 omues
552 3101 760 3192 couseutient.
800 3101 890 3179 Quae
911 3103 945 3166 in
967 3103 1017 3168 bis
1040 3103 1260 3188 scriptionibus
1286 3103 1485 3188 displiceant,

327 3226 382 3271 oro
405 3211 438 3271 ut
459 3205 596 3289 benigne
618 3209 807 3269 excusentur
827 3205 868 3269 ab
891 3205 1003 3270 barum
1027 3224 1129 3271 rerum
1152 3206 1278 3290 peritis3
1309 3204 1489 3289 indigemus

327 3310 411 3375 enim
433 3310 467 3375 in
481 3307 541 3373 hoc
555 3307 746 3372 Germaniae
765 3308 1002 3391 propugnaculo
1016 3309 1245 3393 philologorum
1262 3309 1490 3376 Germanorum

328 3412 437 3478 fauore
460 3417 492 3477 et
514 3408 749 3486 beneuolentia‚
782 3429 822 3476 ne
845 3411 986 3476 laborum
1016 3411 1253 3496 officiorumque
1279 3412 1491 3497 perpetuitate

327 3516 551 3599 opprimamur.

395 3649 555 3706 Scribebum
574 3647 758 3718 Argentorati
776 3649 823 3705 die
840 3647 949 3704 XXVII
968 3666 1001 3702 m.
1023 3649 1132 3704 Ianuar.
1152 3666 1177 3704 a.
1199 3644 1454 3705 mmccccxxssl.

400 3893 421 3954 l)
443 3888 616 3944 Luchsianae
625 3893 654 3943 et
661 3887 849 3962 Beckerianae
858 3890 1085 3944 dissertationum
1096 3891 1256 3960 particulae,
1267 3889 1490 3945 Reinbardtiana

275 4021 278 4028 .
327 3979 388 4029 tota
406 3991 479 4029 anno
494 3977 558 4027 1872
578 3975 668 4028 ordini
687 3974 912 4044 philosophorum
926 3975 1174 4044 Grypbisualdensi
1192 3975 1227 4029 ud
1247 3991 1367 4029 summos
1385 3978 1414 4029 in
1427 3975 1490 4043 pbi-

327 4061 453 4130 losophis
471 4060 589 4116 honores
607 4063 660 4115 rite
679 4060 866 4130 capessendos
884 4061 994 4116 oblatae
1013 4066 1085 4114 sunt.
