3176 5028
312 420 352 481 ta
749 420 898 480 Avovsrvs
922 424 1026 482 Lvous.

310 611 361 670 eqo
385 593 416 668 F,
443 611 512 670 arpo
536 592 624 666 utin
659 592 713 652 illo
743 611 785 653 em
814 611 869 652 suo
890 612 920 652 se
943 592 1067 670 hospitio
1092 592 1291 669 llitsoheliuS‚
1322 593 1394 652 illoc
1419 592 1477 650 lieo·

310 694 518 772 sunmlospr'ct'o
542 694 577 770 D,
605 693 675 754 ellac
698 693 770 754 huet
792 713 858 754 sitm
881 695 1041 772 ospitati,
1069 695 1196 756 illorlree
1219 713 1250 754 se
1278 693 1303 772 (o
1325 711 1342 752 e
1362 693 1473 772 eoru),

310 788 419 876 itspitio
443 798 474 874 B,
502 795 572 856 illoto
594 795 668 858 loeo
690 813 720 858 so
744 795 868 876 hospitio
884 798 1089 874 Camerarius
1116 796 1202 878 litoreo
1215 805 1333 874 sumpto
1348 797 1478 875 hospitio

311 900 369 973 1³23
390 899 497 958 adorauit
511 897 692 971 Lambinus,
718 898 817 959 edocit
832 899 1037 976 Camerarius
1058 899 1117 960 edit
1134 898 1214 976 libri,
1234 899 1316 960 dedit
1331 899 1472 978 Lipsius;

312 999 496 1061 Ritsohelius
519 1001 627 1062 maluit
648 1020 748 1081 nuper
776 1001 869 1082 (Neue
884 1002 981 1062 Plaut.
1009 1004 1082 1063 Exo.
1110 1003 1121 1061 l
1143 1020 1195 1081 pp.
1216 1002 1267 1060 56.
1296 999 1363 1082 68);
1394 999 1475 1060 Dalm

310 1124 361 1184 epo
385 1105 415 1164 iu
439 1103 546 1183 tepolis
569 1123 646 1179 sunt,
666 1105 752 1165 illaec
769 1106 825 1165 ltoc
848 1105 900 1165 re'rl
922 1105 1045 1184 hospitio
1068 1104 1127 1165 edit
1147 1105 1232 1184 soros
1247 1105 1299 1163 uel
1315 1104 1405 1164 illaec
1421 1104 1478 1163 sed

310 1196 457 1284 hospt'tiod
482 1206 532 1266 uel
556 1207 646 1268 illoec
669 1208 726 1268 ltac
748 1226 780 1268 se
803 1207 952 1287 hospitioli
974 1208 1034 1268 eutr
1054 1205 1151 1284 soros.
1170 1243 1212 1252 -
1227 1207 1274 1266 Ex
1291 1207 1342 1266 illo
1364 1224 1476 1266 sunm-

312 1309 446 1389 toapt'cio,
469 1308 552 1386 quod
575 1310 599 1370 D
622 1310 760 1390 praebet,
787 1312 863 1372 haee
884 1308 1159 1389 potius-elicienda
1182 1327 1252 1370 osse
1274 1309 1430 1369 existimo:

439 1426 517 1487 Drlrn
541 1449 592 1509 epo
616 1431 647 1490 in
663 1431 768 1510 lupulis·
790 1449 867 1507 suin,
894 1430 982 1490 illaec
997 1449 1028 1490 aa
1043 1428 1139 1492 sllbt'to
1158 1430 1280 1509 hospitio
1296 1431 1357 1490 edit
1370 1429 1473 1507 foros.

310 1533 344 1592 G.
370 1535 400 1591 F.
427 1534 462 1592 G.
489 1531 652 1592 Muellerus
673 1530 802 1611 (Naohtn
830 1553 859 1612 p.
880 1535 931 1608 88)
958 1533 1133 1612 proposuit:
1158 1567 1200 1576 -—
1222 1549 1298 1609 sum,
1326 1533 1381 1592 illo
1404 1531 1477 1591 hinc

310 1637 366 1695 huc
389 1656 419 1696 se
442 1656 484 1696 em
507 1634 632 1712 hospitio
655 1636 715 1695 edit
737 1633 833 1712 (iiras.
863 1671 899 1680 -

397 1757 483 1835 Capt.
512 1754 552 1816 72
576 1754 742 1817 ediderunt
763 1755 937 1834 Geppertus
960 1766 990 1817 et
1012 1755 1243 1815 Fleckeiseuus:

438 1855 475 1918 ,tt
497 1877 548 1938 eqo
572 1859 621 1918 oio
643 1867 742 1919 recta.-
767 1877 838 1920 nom
861 1861 893 1920 ln
916 1859 1087 1919 conuiuio
1111 1858 1186 1918 sibi

439 1956 574 2032 Amator,
602 1963 677 2022 lolos
699 1964 785 2041 qrtrim
809 1948 891 2042 irruit,
918 1970 1047 2023 scortum
1072 1963 1205 2021 inuocat.

308 2081 420 2141 melius
443 2082 583 2142 Bothius:
614 2078 652 2142 At
666 2100 717 2162 eqo
741 2085 790 2142 (ilo
813 2090 908 2143 recle:
934 2083 1005 2141 otim
1021 2081 1080 2142 otti·
1095 2083 1125 2140 in
1144 2081 1293 2140 conuiuio.
1320 2077 1382 2138 Sed
1399 2097 1474 2137 oum

312 2186 344 2244 in
361 2183 448 2244 libris
465 2182 610 2244 traditum
627 2184 681 2244 sit:
711 2181 748 2243 At
763 2203 814 2265 epo
830 2187 879 2245 u't'o
895 2191 990 2244 recle:
1009 2185 1080 2242 arim
1094 2190 1225 2244 scortum
1243 2182 1273 2241 tlt
1289 2181 1430 2240 conuiuio
1448 2177 1460 2262 Η

311 2285 377 2346 Sibi
398 2288 517 2346 (amator
547 2287 625 2347 lotos
654 2289 741 2366 quom
773 2288 846 2347 iacit
876 2294 1006 2347 scortum
1037 2288 1175 2360 inuocat,
1209 2284 1340 2344 alterum
1370 2291 1478 2342 utrum

309 2397 438 2450 scortum
456 2398 633 2468 corruptum
650 2408 718 2450 esse
734 2388 844 2462 debot;
872 2389 926 2449 sed
949 2409 1023 2448 num
1040 2388 1075 2447 0.
1096 2389 1266 2467 Seyffertus
1281 2387 1356 2446 Phil.
1378 2387 1479 2446 XXIX
1578 2401 1579 2422 ¹

298 2513 339 2575 p.
372 2491 443 2570 386)
480 2501 559 2552 rorte
595 2491 824 2553 emendauerit:
860 2491 897 2552 tlt
927 2513 978 2572 epo
1008 2493 1057 2552 oio
1086 2499 1180 2552 recta:
1212 2493 1283 2550 nam
1314 2508 1417 2551 suom
1450 2490 1479 2548 in

311 2595 459 2666 conuiuio,
480 2612 534 2672 ego
549 2595 750 2656 uehementer
766 2595 884 2672 dubito,
910 2613 1099 2674 quamquam
1115 2597 1182 2675 ipso
1198 2592 1323 2653 meliora
1340 2592 1479 2671 prolerre

310 2716 393 2758 nuno
416 2716 546 2775 nequeo.
574 2733 615 2741 -

397 2815 482 2878 Asin.
511 2819 572 2877 856
597 2791 920 2898 praebenteditiones
943 2826 1082 2896 ueteres,
1117 2835 1231 2895 easque
1255 2815 1478 2874 Fleckeisanus

310 2932 435 2982 secutus
458 2931 524 2982 est:

439 3033 486 3101 'At
509 3041 634 3102 scelesto
657 3060 709 3119 epo
731 3043 853 3120 proe'ter
877 3040 954 3100 olins
977 3042 1074 3100 nre'unt
1097 3037 1225 3099 aarum
1246 3038 1309 3117 sui
1333 3039 1425 3096 ratri

440 3144 559 3204 Siccam
583 3142 670 3222 fraqi
692 3145 886 3204 continentem
910 3145 1060 3202 ornantem
1083 3142 1194 3202 umoris
1217 3141 1375 3200 momente.

309 3265 365 3323 Pro
387 3263 436 3340 [oi
458 3270 529 3323 roto
553 3262 702 3323 exhibent
725 3262 795 3322 libri
818 3259 907 3340 [rupi
935 3270 1006 3322 roto
1037 3271 1142 3338 aperto
1171 3259 1371 3337 glossemate,
1407 3277 1480 3338 oum

308 3366 394 3447 fraqi
416 3367 592 3444 insequenti
609 3385 703 3425 uersu
719 3364 840 3425 redeat:
869 3363 925 3424 sed
948 3365 998 3442 (tn
1017 3372 1089 3424 roto
1105 3369 1264 3448 nonrecte
1279 3377 1348 3420 esse
1365 3379 1480 3418 emen·
1578 3355 1579 3362 '

311 3469 417 3530 datum
442 3488 503 3528 non
528 3479 588 3529 tam
620 3469 692 3528 inde
721 3469 883 3544 docemur,
916 3465 1000 3544 quod
1029 3466 1113 3546 apud
1137 3466 1277 3526 Plautum
1307 3463 1375 3522 aliis
1405 3463 1481 3522 locis
1578 3463 1579 3468 ’

310 3592 377 3633 snm
400 3579 471 3632 roto
501 3589 624 3650 semper
652 3570 767 3631 dietum
797 3580 845 3630 est
881 3570 927 3650 (ol.
954 3570 1041 3650 Capt.
1070 3569 1142 3631 256.
1170 3567 1256 3628 Asin.
1284 3566 1356 3624 86l.
1384 3564 1476 3644 Epid.

309 3676 350 3735 lV
374 3677 402 3751 6,
431 3676 481 3734 26.
510 3675 599 3734 Baoh.
626 3674 700 3733 549.
727 3675 803 3733 Men.
832 3674 904 3732 900.
932 3673 1041 3734 Pseud.
1071 3673 1164 3732 tata.
1191 3673 1279 3730 Poen.
1306 3669 1345 3728 lll
1370 3668 1399 3744 l,
1422 3668 1475 3728 5t.

308 3777 391 3837 Trin.
413 3777 483 3855 303)
513 3795 606 3854 quam
631 3796 671 3840 ex
693 3776 918 3854 comparatione
941 3794 995 3835 uu.
1024 3774 1085 3834 856
1103 3793 1150 3852 sq.
1178 3790 1248 3832 oum
1272 3790 1325 3831 uu.
1346 3771 1408 3830 858
1426 3790 1475 3850 sq.

309 3880 464 3938 instituta:
494 3896 567 3937 nam
590 3898 661 3939 oum
677 3896 730 3938 uu.
752 3879 813 3938 857
831 3888 861 3939 et
876 3878 937 3938 859
957 3877 997 3938 ad
1012 3877 1147 3960 uerbum
1163 3875 1223 3938 sibi
1247 3872 1474 3952 respondeant:
1578 3895 1579 3976 p

307 3983 420 4043 siccum
448 4015 486 4025 -
511 3981 676 4059 modiolum,
703 3982 789 4062 [rupi
810 4016 853 4026 —
876 3983 974 4058 attin,
1003 3983 1198 4042 continentem
1223 4015 1263 4022 -—
1287 3978 1480 4038 incontinua·
1578 3981 1579 4054 l

309 4094 375 4163 tam,
405 4091 555 4144 comantem
580 4085 689 4146 timoris
710 4118 747 4128 —-
765 4103 880 4146 osorem
903 4085 1023 4158 umoris,
1050 4081 1158 4143 eadem
1183 4081 1259 4143 ratio
1281 4079 1322 4141 ad
1341 4098 1394 4141 uu.
1415 4081 1480 4141 856

308 4199 338 4248 ot
354 4189 415 4247 858
447 4187 602 4265 portinere
625 4185 758 4247 uidetur.
795 4188 1098 4249 Deestautominu.
1120 4185 1182 4245 856
1206 4183 1249 4262 id,
1277 4181 1483 4264 quodoppo-
1578 4261 1579 4272 ἵ
