3086 5024
270 440 332 501 220
692 413 849 500 Envmnrs
873 442 1001 500 Beonan.

271 630 311 672 ex
333 610 450 691 quibus
466 612 602 672 Donatus
619 611 802 671 Terentiana
830 611 942 688 hausit,
968 609 1157 672 indicatiuus
1179 618 1329 670 exaratus
1345 607 1446 669 fuisse

270 714 405 777 uidetur.
445 715 479 775 ln
502 713 598 774 altero
621 714 763 793 exemplo

316 822 343 894 2)
370 822 411 877 Pl.
436 823 516 877 Pers.
545 825 603 878 att
633 815 702 897 (1111,
731 827 760 889 3,
790 815 838 897 45)
867 821 948 888 Tace,
981 823 1156 894 stultiloque:
1187 822 1291 888 nescis,
1320 818 1393 890 quid
1417 827 1445 873 te

932 925 1020 981 instet
1040 923 1120 993 boni,

868 1029 969 1098 Neque
991 1044 1079 1098 quam
1103 1028 1152 1083 uti
1165 1027 1291 1082 Fortuna
1309 1025 1443 1098 faculam

935 1131 1057 1204 lucrifica
1080 1130 1209 1186 adlucere
1230 1129 1302 1185 uolt.

277 1228 314 1308 (te
336 1229 422 1290 enatet
444 1226 504 1306 AB,
531 1229 617 1288 instet
630 1227 695 1303 GD;
721 1223 936 1302 NEQ·QUAM
953 1225 989 1305 Α,
1016 1228 1207 1310 Nequiquam
1229 1226 1312 1307 BGD]
1340 1244 1444 1306 prae—

272 1339 414 1410 terquam
437 1328 521 1410 quod
542 1331 718 1391 octonarius
740 1329 891 1392 iambicus
905 1331 1094 1411 Nequiquam
1119 1331 1172 1392 tibi
1188 1327 1321 1392 Fortuna
1342 1327 1444 1408 focu-

275 1433 336 1492 lam
360 1429 496 1512 lrlcrlfico
519 1433 658 1494 adlucere
681 1433 758 1504 uolt,
787 1450 881 1510 quem
905 1434 1022 1494 Ritschl
1052 1435 1173 1510 statuit,
1201 1432 1345 1493 hocloco
1369 1430 1444 1493 dis-

272 1535 393 1615 pliceat,
426 1555 496 1597 cum
518 1536 611 1597 totius
634 1536 690 1596 loci
722 1535 873 1596 sententia
896 1538 998 1615 Neque
1026 1555 1123 1616 quam
1147 1535 1243 1614 magis
1272 1536 1443 1596 conuenire

275 1657 369 1718 quam
385 1639 574 1720 Nequiquam
591 1640 693 1717 Haupt
708 1639 866 1699 existimat
875 1637 911 1718 ¹).
952 1638 1082 1710 Quodsi
1106 1646 1188 1699 recte
1209 1637 1370 1718 perspexit
1390 1638 1444 1698 uir

274 1741 481 1819 doctissimus,
508 1741 566 1802 alia
589 1741 693 1801 existit
715 1740 891 1819 difficultas,
918 1740 1003 1821 quod
1025 1743 1056 1802 in
1080 1743 1180 1821 priore
1208 1742 1442 1802 enuntiatorum

276 1842 540 1923 secundariorum,
561 1862 641 1922 quae
658 1863 697 1903 ex
712 1843 821 1904 eodem
838 1845 997 1905 enuntiato
1012 1844 1157 1923 primario
1176 1842 1324 1924 pendent,
1352 1844 1445 1905 instet

277 1948 509 2023 coniunctium,
543 1947 574 2006 in
603 1947 772 2026 posteriore
802 1947 863 2008 uolt
892 1947 1080 2008 indicatiuus
1110 1947 1231 2026 legitur.
1279 1948 1360 2008 Sane
1391 1947 1444 2006 hic

276 2069 400 2129 quoque
431 2049 469 2111 de
500 2049 660 2110 modorum
691 2049 872 2110 anacolutho
904 2050 1017 2129 aliquis
1047 2050 1178 2129 cogitare
1213 2051 1326 2127 possit,
1368 2069 1442 2110 cunr

276 2153 430 2232 posterius
447 2154 642 2213 enuntiatum
659 2152 878 2213 secundarium
894 2154 1044 2213 enuntiati
1062 2152 1182 2214 relatiui
1204 2152 1442 2213 similitudinem

276 2254 433 2334 quandam
448 2255 597 2336 praebere
613 2254 767 2317 uideatur.
797 2255 875 2316 Huic
891 2265 994 2316 tamen
1009 2274 1048 2315 ex
1064 2255 1216 2316 nesciendi
1229 2253 1334 2332 uerbo,
1355 2255 1442 2334 quod

276 2357 442 2436 praecedit,
469 2377 562 2438 neque
584 2359 696 2418 nom'rtl
717 2357 827 2419 locutio
850 2358 953 2418 animo
976 2355 1151 2437 supplenda
1174 2368 1270 2427 esset;
1301 2357 1334 2419 id
1357 2357 1444 2437 quod

175 2485 177 2491 ·
277 2462 368 2523 nimis
390 2461 551 2522 artificiose
575 2462 667 2521 statui
691 2460 823 2522 uidetur.
858 2457 960 2539 Atque
984 2462 1086 2539 Haupt
1108 2459 1232 2538 quidem
1257 2461 1339 2521 huno
1354 2459 1443 2522 indi-

277 2565 412 2625 catiuum
444 2564 627 2624 Terentiano
655 2563 707 2622 illo
741 2564 885 2640 exemplo
915 2581 1064 2624 excusare
1097 2562 1218 2639 studet,
1259 2561 1313 2623 sed
1344 2564 1376 2623 iu
1407 2585 1443 2624 eo
1541 2637 1542 2650 χ

276 2664 419 2745 exemplo
441 2665 570 2727 fortasse
594 2665 727 2746 confemlt
756 2664 805 2724 uei
836 2664 973 2741 conflarit
996 2666 1221 2727 restituendum
1243 2683 1312 2727 esse
1335 2668 1443 2726 monui
1541 2651 1542 2674 ¹

277 2776 308 2828 et
330 2766 392 2829 duo
414 2768 540 2846 similia,
576 2757 656 2846 quae
685 2776 843 2848 praeterea
872 2767 975 2846 aliquo
997 2769 1065 2829 iure
1094 2769 1195 2829 afferri
1227 2787 1316 2848 posse
1347 2768 1443 2831 uide-

276 2870 404 2948 buntur,
431 2871 570 2953 exempla
588 2870 627 2932 ad
643 2871 722 2932 hanc
739 2889 802 2930 rem
820 2869 1035 2952 explicandam
1052 2870 1127 2931 nihil
1144 2871 1275 2934 iaciunt:
1301 2872 1441 2933 Alterum
1540 2915 1541 2922 a

278 2973 359 3034 enim
384 2976 470 3035 Host.
499 2976 570 3053 tat,
601 2972 640 3034 dc
663 2993 724 3053 quo
747 2975 825 3034 inira
850 2973 977 3052 dicetur,
1005 2975 1083 3034 alius
1105 2975 1292 3036 condicionis
1313 2985 1377 3050 cst;
1411 2977 1444 3035 in

277 3075 373 3136 altero
396 3078 467 3138 Hec.
493 3076 554 3138 873

407 3181 479 3257 Ere,
508 3181 611 3243 licetne
632 3179 709 3242 scire
739 3199 782 3240 cac
812 3186 838 3239 te
867 3178 963 3254 lodie,
990 3178 1063 3260 quid
1083 3179 1149 3256 sit,
1179 3179 1257 3260 quod
1278 3179 1341 3259 feci
1361 3181 1442 3258 burri,
1539 3219 1540 3248 r

406 3279 465 3344 Aut
487 3283 560 3364 quid
582 3284 658 3344 istuc
680 3291 745 3359 est,
771 3281 850 3363 quod
871 3299 924 3342 uos
949 3282 1061 3363 cqr'lls?
1078 3277 1090 3362 ΙΙ
1106 3281 1173 3342 Non
1197 3282 1285 3358 licet,

279 3384 333 3445 ubi
356 3383 488 3446 editores
511 3384 734 3462 difficultatem,
762 3403 842 3464 quae
861 3392 962 3446 exstat
983 3392 1109 3463 propter
1124 3384 1240 3463 modos,
1267 3386 1307 3446 ita
1325 3386 1447 3448 euitare

279 3485 484 3567 studuerunt,
518 3496 553 3548 ut
575 3497 646 3548 ante
670 3485 728 3550 Aut
750 3487 931 3565 particulam
963 3486 1209 3565 interrogationis
1238 3489 1360 3567 signum
1383 3508 1448 3567 po-
1538 3553 1539 3568 ,

279 3598 407 3663 nerent,
439 3592 478 3651 u'l
505 3592 722 3652 coniunctiuus
750 3589 960 3652 restituendus
983 3591 1049 3667 erit,
1081 3590 1154 3669 quia
1176 3589 1294 3668 uerbis,
1327 3590 1447 3670 quibus

280 3692 486 3771 respondetur
505 3695 570 3754 Non
594 3695 660 3755 licet
682 3692 838 3770 docemur,
864 3691 926 3754 duo
949 3692 1106 3754 enuntiata
1129 3690 1311 3754 secundaria
1337 3693 1447 3756 eodem

280 3795 369 3856 modo
392 3815 432 3856 ex
449 3797 565 3857 Licetne
585 3797 663 3858 scire
679 3796 840 3856 enuntiato
855 3795 1000 3874 primario
1015 3793 1161 3875 pendere.
1200 3797 1300 3868 Quam
1325 3796 1366 3858 ob
1381 3816 1448 3858 rem
1537 3839 1538 3886 ,

281 3899 311 3960 in
327 3899 436 3959 Persae
459 3916 582 3977 quoque
599 3919 630 3960 u.
651 3899 712 3958 att
737 3898 946 3960 coniunctium
962 3897 1190 3960 restituendum
1205 3918 1276 3961 essa
1291 3901 1447 3963 existimo.

350 4138 372 4196 t)
395 4138 423 4186 in
442 4136 532 4187 Herm.
554 4138 597 4200 111,
617 4152 643 4203 p.
665 4142 724 4188 tta.
744 4138 814 4188 coni.
836 4138 1030 4189 Buechelerum
1049 4139 1076 4187 in
1093 4137 1169 4189 Jahn.
1191 4138 1283 4189 annai.
1306 4140 1453 4193 Lxxxvu
1536 4169 1537 4172 =

279 4236 304 4287 p.
327 4225 385 4272 ret.
