3126 5028
492 438 695 510 stesrronrs
719 457 872 499 unsarana,
1223 443 1258 502 61

94 606 207 667 datum
232 627 301 668 esse
323 609 475 669 existimo.
511 611 694 670 llitsohelius
717 611 825 670 maluit
847 613 987 686 retinere,
1014 611 1097 690 quod
1120 613 1150 671 in
1175 613 1262 674 libris

95 710 244 772 traditur.
270 748 314 756 -
1329 706 1331 710 ’

230 818 319 877 llero.
347 815 424 874 585:
460 815 582 882 Nullam
612 815 707 878 ltrele
732 824 855 896 praeter
877 815 955 876 totino
984 816 1059 876 diem
1090 818 1142 877 iila
1165 817 1264 898 apoid

523 937 575 978 me
598 919 676 978 erit

95 1030 202 1098 potest
232 1021 342 1080 uitium
374 1019 488 1080 auferri
517 1021 576 1097 ita,
607 1030 642 1081 ut
664 1021 850 1081 scribamus:
883 1020 961 1080 tane
992 1021 1067 1080 diem
1096 1023 1151 1082 ttto
1181 1025 1264 1103 apad

96 1123 168 1183 me'd
190 1123 248 1184 erit
277 1122 351 1201 (uel:
382 1157 420 1168 —
444 1122 521 1183 hano
544 1123 622 1182 diem
644 1123 733 1183 lilaea
754 1124 838 1204 dpod
859 1143 904 1186 me
927 1125 983 1183 erit
1011 1124 1078 1183 uel:
1123 1159 1133 1165 -=
1185 1125 1263 1186 ldae
1291 1107 1296 1114 ’

97 1228 178 1286 etiem
204 1225 288 1305 apud
309 1243 354 1285 me
377 1227 468 1286 illaec
490 1225 571 1305 erit).
598 1260 641 1270 -—

190 1330 261 1389 Cas.
286 1329 310 1386 ll
334 1330 363 1405 6,
392 1331 448 1388 l3:
483 1330 552 1406 Lys.
590 1327 653 1388 Tibi
678 1331 836 1408 permitto:
868 1328 929 1390 talto
959 1331 1042 1390 sorti.
1081 1328 1128 1389 Ol.
1158 1332 1263 1393 Perdis

520 1433 575 1491 me'.
610 1430 696 1491 Chal.
725 1418 886 1493 Lac'rolm
909 1431 1019 1510 fucit.

97 1536 295 1613 Proloquitur
322 1534 398 1593 haee
428 1534 522 1594 uerba
547 1533 694 1593 Chalinus
722 1531 761 1592 ad
791 1532 988 1595 inridendum
1020 1542 1051 1592 et
1073 1535 1261 1596 inritandam

97 1639 329 1716 Olympionem,
356 1648 390 1697 ut
412 1636 450 1696 ad
475 1637 568 1697 huius
591 1635 702 1696 uerba:
737 1635 852 1712 ,Perdis
876 1638 937 1696 me‘
962 1635 1147 1714 respondeat
1169 1638 1256 1697 haee:

99 1743 149 1818 ,Sl
175 1750 204 1798 te
227 1739 343 1818 perdit,
377 1748 443 1799 tum
473 1757 532 1798 non
562 1739 670 1816 accipit
699 1737 918 1799 detrimentum
942 1738 996 1798 sed
1021 1738 1092 1799 lacit
1112 1740 1259 1801 luorum‘·

97 1843 192 1915 Quod
222 1844 246 1902 si
271 1851 318 1902 est
341 1851 420 1902 reote
442 1842 646 1918 intellectum,
684 1840 723 1901 ad
753 1840 967 1902 illustrandam
997 1845 1180 1903 sententiam
1209 1845 1263 1903 uix

96 1946 200 2024 possit
223 1945 331 2004 deesse
347 1953 406 2005 tom
430 1945 480 2005 uel
499 1946 603 2004 immo:
626 1980 662 1988 -
683 1945 785 2004 Perdis
807 1964 862 2004 me.
901 1938 1009 2030 (Tam)
1033 1943 1150 2006 laeuam
1173 1947 1259 2026 facit.

98 2049 170 2107 uel:
200 2042 306 2133 (Tum)
330 2046 477 2128 tamisio-at
498 2048 548 2107 uel
573 2048 674 2126 potius
693 2048 796 2107 Perdis
812 2065 857 2106 me
892 2041 1017 2132 (Immo)
1042 2047 1199 2128 almificat.
1223 2084 1257 2092 -—

190 2152 266 2210 Men.
295 2152 354 2209 tao
381 2151 506 2211 retinuit
529 2150 650 2210 Brixius
672 2149 755 2229 quod
778 2149 848 2208 libri
872 2149 1031 2210 exhibent:

235 2253 282 2314 Ait
305 2255 382 2312 lano
405 2253 520 2314 dedisse
542 2256 589 2312 me
610 2254 668 2314 sibi
688 2256 776 2333 (itque
798 2256 875 2312 edm
899 2258 998 2313 meae'

235 2357 332 2416 Vmooi
352 2358 556 2434 sarmopaisse.

97 2459 163 2520 Sed
189 2461 331 2537 Bothius‚
363 2477 456 2536 quem
484 2458 669 2518 Ritsohellus
693 2460 800 2518 merito
828 2467 954 2519 secutus
981 2468 1043 2535 est,
1076 2461 1132 2518 hoo
1161 2461 1263 2538 potius

96 2565 276 2642 proposuit:
557 2643 560 2648 Ι

233 2662 283 2724 Ait
306 2665 382 2724 trimo
405 2664 519 2724 dedisse
542 2667 588 2723 me
608 2665 667 2725 sibi
689 2672 777 2744 atqole
799 2685 863 2725 eam
888 2658 968 2748 (me)
991 2683 1084 2724 meae.
1110 2699 1153 2707 —

188 2766 298 2827 Pseud.
325 2767 386 2827 877
411 2766 594 2827 llitsohelius
618 2766 728 2827 edidit:

234 2872 270 2930 Si
292 2871 398 2947 areolis,
425 2889 561 2945 nsotmmm
586 2872 614 2929 sl
636 2889 704 2947 noo,
730 2872 769 2929 oe
789 2871 892 2930 mind
916 2869 1079 2950 quidem.

99 2971 163 3034 Sed
178 2992 250 3032 oum
267 2971 292 3032 A
312 2972 494 3052 (seeundum
510 2971 771 3048 Studemundum)
792 2971 951 3052 praebeat:
982 2971 1017 3029 Si
1032 2970 1127 3031 eredis
1144 2990 1262 3031 oaoomo

98 3081 127 3138 si
148 3095 208 3136 mort
233 3076 330 3136 meaa
352 3095 389 3136 oe
411 3079 494 3136 ooioa
516 3076 644 3155 quidem,
672 3076 728 3134 hoo
751 3075 821 3135 olim
850 3074 945 3134 luisse
975 3071 1140 3132 admodum
1164 3073 1264 3134 dubi-

100 3191 204 3240 tanter
227 3179 374 3238 ronloias:
404 3179 440 3239 Si
460 3179 567 3254 eredis,
594 3196 733 3253 oammo;
760 3180 786 3237 st
807 3196 865 3236 ooo
889 3176 996 3248 credis,
1022 3179 1080 3236 ooo
1103 3179 1195 3236 mimos.
1222 3213 1265 3221 —

189 3284 256 3342 Non
279 3281 379 3342 solum
403 3284 432 3341 in
458 3282 546 3358 bina,
579 3275 638 3340 sed'
664 3281 755 3340 etiam
784 3281 814 3339 in
846 3289 930 3339 terna
960 3279 1089 3339 iambica
1114 3279 1263 3340 uocabula

99 3396 233 3447 exeunt:
763 3395 767 3399 ·

189 3490 277 3567 Capt.
305 3487 382 3549 526:
709 3523 712 3529 Δ
750 3487 859 3566 Ne'qae-
876 3484 912 3544 de
936 3485 993 3546 leae
1016 3505 1050 3546 re
1072 3486 1260 3566 nepotiamst,

235 3591 313 3664 Qeo'o
330 3591 406 3651 male
422 3590 557 3651 occidam
573 3591 765 3670 oppetamque
778 3591 888 3668 pe'stem
904 3589 963 3648 erl
978 3589 1099 3648 aioe'm
1116 3606 1143 3646 m
1153 3587 1259 3647 olam.

101 3696 157 3755 l’ro
182 3693 293 3753 malam
319 3694 341 3751 B
363 3692 491 3771 praebet
512 3709 659 3772 meamq.;
686 3693 743 3751 erit
765 3709 876 3752 uersus
905 3690 956 3750 uix
981 3689 1068 3749 aliter
1090 3688 1260 3769 sanandus,

102 3817 196 3877 quam
221 3793 464 3873 transponendo:
495 3796 572 3871 Qalo
603 3795 683 3855 male
705 3793 837 3854 occidam
869 3795 1060 3872 oppetamque
1087 3793 1137 3851 tri
1167 3793 1263 3852 tricem

100 3903 212 3981 peste'm
236 3899 357 3959 maldm.
398 3899 457 3970 Qui
479 3898 597 3959 hiatum
621 3898 651 3956 in
675 3896 830 3956 dihaeresi
852 3893 1037 3970 reformidat,
1065 3913 1124 3954 non
1141 3897 1264 3954 insom-

102 4003 195 4064 mode
217 4004 332 4064 inseret
354 4020 405 4082 epo
428 4001 478 4062 uel
503 4003 576 4081 ipse.
598 4035 635 4044 -

191 4108 267 4165 Men.
296 4104 357 4164 750
382 4104 565 4165 llitsohelius
588 4105 628 4162 ita
652 4100 758 4179 edidit,
785 4111 820 4162 ut
841 4100 991 4180 praebent
1012 4100 1081 4161 libri
1105 4118 1225 4158 omnes:

233 4208 333 4288 Neptis
354 4207 472 4268 mouisse
495 4208 564 4268 me?
585 4207 704 4286 neptis
723 4208 872 4286 potoe'm
895 4201 1032 4263 oseam?
