3126 5028
337 435 379 496 82
725 439 896 496 Laorotovs
920 437 1102 496 llnrnntcnr.

422 607 567 668 Minorem
591 605 712 668 laudem
736 607 848 668 meruit
871 606 904 666 C.
932 606 967 666 Η.
993 603 1205 685 Weisius¹):
1241 605 1267 666 is
1292 605 1373 664 enim
1398 611 1484 664 totum

335 710 493 787 prologum
517 711 657 789 spurium
680 707 782 787 ducit,
815 708 951 788 primurn
981 710 1053 786 quia
1077 709 1190 769 multos
1213 725 1323 770 uersus
1346 707 1485 785 pessimos

335 814 505 890 contineat,
538 811 649 874 deinde
680 813 753 892 quia
777 830 823 874 us,
853 813 889 870 tt
920 812 948 892 (6
979 810 1064 889 apud
1087 810 1297 892 Bitscheliuml
1331 812 1484 890 genetiuus

335 915 419 976 .·lct·ii
440 916 533 976 trium
556 914 744 992 syllabarum
768 917 825 992 sit,
857 932 935 994 quae
960 932 1102 975 mensura
1125 914 1211 993 apud
1232 915 1374 994 Plautum
1397 916 1485 976 raris-

334 1018 411 1078 sime
435 1018 483 1078 uel
508 1037 666 1098 nunquam
690 1019 876 1094 inueniatur,
903 1027 969 1077 tum
985 1019 1058 1096 quia
1082 1016 1204 1096 ephebi,
1231 1035 1365 1097 quorum
1383 1017 1484 1078 mentio

335 1140 383 1182 us.
405 1121 442 1180 tt
461 1129 491 1180 et
508 1121 541 1180 ol
568 1121 637 1196 liat,
664 1139 681 1181 e
702 1121 844 1180 Terentio
867 1120 982 1198 sumpti
1005 1138 1075 1182 esse
1099 1119 1278 1199 uideantur,
1306 1130 1483 1198 postremum

335 1225 407 1301 quia
430 1223 586 1303 aequabili
610 1225 831 1285 sententiarum
855 1241 975 1284 conexu
997 1231 1028 1284 et
1050 1224 1164 1284 comica
1187 1224 1218 1283 ui
1242 1231 1354 1286 careat.
1393 1224 1483 1284 Talem

336 1327 641 1406 argumentationem,
668 1344 748 1405 quae
771 1336 825 1387 aut
847 1326 924 1386 nihil
947 1325 1028 1388 dicat
1042 1335 1097 1386 aut
1112 1324 1248 1387 absurda
1264 1327 1316 1404 sit,
1341 1336 1396 1388 aut
1413 1325 1484 1405 quod

337 1431 367 1488 in
391 1429 527 1508 singulos
551 1448 661 1490 uersus
685 1427 801 1490 dictum
826 1431 884 1507 sit,
918 1429 949 1488 in
973 1436 1069 1489 tottuu
1093 1429 1250 1508 prologum
1274 1428 1385 1490 cadere
1407 1430 1481 1506 uelit,

335 1533 601 1611 operaepretium
624 1551 686 1592 non
709 1542 757 1592 est
779 1531 924 1612 pluribus
947 1531 1096 1592 refellere.

329 1689 332 1694 .
421 1635 605 1695 Dziatzko
628 1633 762 1714 denique
786 1636 824 1696 ita
847 1636 1058 1715 quaestionem
1075 1635 1215 1712 instituit,
1237 1644 1271 1696 ut
1292 1653 1310 1695 a
1334 1635 1395 1694 line
1416 1652 1483 1712 pro-

336 1738 392 1818 logi
417 1736 578 1798 exordium
601 1748 724 1817 caperet
739 1748 770 1798 et
784 1738 934 1816 paulatim
949 1736 988 1798 ad
1004 1736 1125 1797 initium
1141 1736 1387 1816 progrederetur,
1405 1739 1485 1799 euius

335 1840 512 1920 exemplum
536 1841 624 1918 sequi
649 1841 720 1900 mihi
744 1841 774 1900 in
798 1841 899 1900 animo
921 1849 982 1916 est,
1014 1849 1044 1900 et
1067 1838 1150 1918 quod
1171 1850 1323 1918 perpetuo
1345 1850 1398 1902 aut
1418 1859 1486 1919 pro-

337 1941 439 2003 bando
460 1952 515 2003 aut
537 1943 705 2004 refellendo
728 1944 812 2005 illius
834 1944 909 2002 ratio
925 1941 1066 2002 habenda
1089 1951 1147 2019 est,
1172 1952 1204 2003 et
1218 1941 1301 2020 quod
1320 1943 1399 2004 lianc
1412 1943 1487 2004 uiam

336 2047 482 2124 optimam
507 2064 574 2106 esse
597 2047 663 2126 ipse
686 2046 836 2106 intellexi.
870 2046 970 2123 Atque
993 2045 1119 2106 ultimos
1141 2063 1254 2106 uersus
1276 2047 1297 2106 i.
1317 2065 1346 2108 ε.
1364 2065 1411 2108 us.
1431 2046 1485 2106 ttt

338 2148 440 2208 -ttt
464 2167 525 2208 non
549 2148 639 2209 modo
662 2149 779 2208 nullam
812 2147 924 2208 habere
954 2147 1153 2208 offensionem
1182 2146 1237 2210 sed
1266 2166 1359 2209 suum
1390 2157 1486 2208 tenere

336 2251 436 2312 locum
460 2270 549 2311 nemo
572 2261 619 2312 est
641 2252 695 2331 qui
718 2269 828 2330 negare
851 2250 957 2330 possit.
999 2251 1049 2312 Vs.
1076 2250 1158 2310 enim
1185 2251 1243 2310 l09
1267 2261 1298 2311 et
1323 2252 1382 2311 llll
1405 2261 1487 2312 tran-

335 2355 429 2414 situm
452 2353 566 2414 laoiunt
588 2353 626 2414 ad
651 2362 831 2433 sequentem
849 2371 1002 2430 scaenam,
1025 2353 1126 2433 qualis
1148 2353 1233 2432 apud
1255 2353 1395 2416 Plautum
1418 2373 1487 2414 sae·

336 2457 461 2534 pissime
484 2457 651 2532 inuenitur,
678 2456 769 2516 ceteri
793 2455 924 2535 simplici
947 2474 1088 2518 sermone
1103 2456 1242 2518 Plautino
1256 2466 1375 2536 partem
1397 2475 1488 2536 argu-
1545 2443 1546 2509 l

337 2561 432 2620 menti
455 2570 616 2638 enarrant,
650 2557 688 2618 de
720 2577 791 2638 qua·
809 2568 995 2639 spectatores
1025 2561 1170 2621 certiores
1200 2559 1265 2620 lieri
1289 2577 1413 2620 necesse
1434 2569 1486 2620 est.
1542 2515 1545 2612 l

337 2661 453 2734 Quodsi
465 2662 497 2722 hi
509 2681 620 2724 uersus
636 2663 719 2724 omni
731 2662 905 2740 suspicione
921 2663 1055 2740 exempti
1070 2670 1153 2740 sunt,
1173 2670 1291 2724 certum
1307 2663 1488 2741 quaestionis
1543 2629 1544 2714 l

336 2763 573 2826 tundamentum
598 2766 759 2826 inuentum
783 2775 846 2844 est,
880 2774 911 2826 et
937 2766 997 2826 iam
1021 2783 1104 2827 nuno
1126 2782 1183 2844 pro
1204 2775 1286 2826 certo
1312 2763 1488 2828 contendere

335 2868 405 2927 lieet
428 2867 547 2928 nullum
571 2869 728 2947 prologum
758 2886 849 2948 posse
871 2867 1045 2930 Plautinum
1074 2885 1159 2946 esse,
1191 2868 1252 2929 nisi
1280 2869 1370 2930 cuius
1399 2885 1488 2948 argu-

336 2978 475 3030 mentum
504 2980 535 3029 et
563 2989 663 3030 sermo
690 2989 759 3030 euni
791 2970 838 3030 his
868 2969 1012 3032 uersibus
1041 2971 1221 3032 consentiat.
1268 2971 1336 3042 Qua
1373 2989 1405 3032 re
1432 2989 1487 3030 non
1540 2943 1541 3020 l

337 3071 559 3152 neglegendum
583 3090 651 3132 esse
674 3091 794 3149 censeo,
821 3082 896 3151 quot
918 3091 967 3133 res
990 3072 1040 3132 hic
1055 3090 1150 3152 quam
1166 3074 1274 3151 paneis
1289 3071 1395 3136 uerbis
1417 3090 1489 3134 nar·
1539 3063 1540 3122 l

336 3183 452 3252 rentur,
479 3175 571 3236 immo
594 3183 751 3254 tamquam
774 3193 866 3237 suum
883 3177 996 3254 cuique
1016 3177 1122 3240 uersui
1138 3192 1271 3256 pensum
1286 3177 1328 3236 ita
1344 3173 1487 3236 tributum
1538 3179 1539 3224 l

335 3295 414 3353 esse,
443 3287 476 3338 ut
498 3296 545 3338 us.
575 3278 634 3336 l06
658 3278 794 3358 puellam
824 3287 960 3356 emptam
990 3288 1020 3338 et
1049 3277 1210 3340 adnectam
1239 3297 1309 3338 esse
1338 3288 1483 3352 narretur,
1537 3273 1538 3326 l

336 3399 386 3439 us.
415 3378 474 3439 l07
497 3381 650 3440 Charinus
672 3379 762 3458 dicat,
794 3381 874 3440 nolle
897 3399 931 3442 se
954 3391 1071 3458 patrem
1098 3380 1175 3460 quid
1196 3379 1311 3440 lactum
1336 3382 1377 3442 sit
1398 3381 1488 3442 resoi-
1536 3357 1537 3427 l

336 3501 429 3560 scere,
450 3502 498 3544 us.
521 3483 580 3542 l08
598 3482 733 3561 denique
749 3481 824 3562 quid
839 3481 878 3544 ad
896 3501 960 3544 rem
976 3482 1138 3546 celandam
1153 3482 1266 3559 iecerit,
1283 3485 1484 3545 contineatur:
1534 3461 1536 3550 l

336 3605 375 3645 ex
397 3585 445 3670 his
469 3586 559 3664 igitur
582 3585 728 3646 uersibus
750 3586 826 3665 ipsis
841 3595 971 3664 apparet
994 3586 1069 3646 nihil
1084 3587 1114 3646 in
1131 3586 1188 3646 hoe
1202 3585 1326 3665 prologo
1340 3587 1489 3664 suspicio·
1534 3555 1535 3632 l

336 3706 406 3748 nem
430 3689 565 3768 elingere
594 3706 700 3767 posse,
731 3687 815 3768 quod
844 3689 924 3748 iusto
953 3688 1072 3768 longius
1101 3689 1301 3768 explanatum
1330 3699 1385 3750 aut
1407 3689 1488 3750 altius

336 3793 501 3870 repetitum
524 3792 573 3852 sit.
1532 3745 1533 3834 l

423 3892 485 3954 Sed
509 3893 674 3976 redeamus
697 3895 728 3955 in
751 3893 905 3955 ordinem:
931 3895 992 3954 iam
1015 3894 1096 3954 enim
1119 3892 1286 3954 dicendum
1313 3902 1363 3956 est
1385 3892 1423 3956 de
1443 3911 1483 3954 us.

336 4050 496 4057 -.----.---
510 4050 541 4056 -

406 4135 427 4193 t)
451 4134 497 4181 Die
516 4133 664 4182 Komodien
689 4133 736 4182 des
760 4133 883 4193 PleutuS,
911 4133 1020 4182 krltisch
1047 4132 1199 4182 beleuclilet
1221 4144 1273 4180 von
1293 4131 1322 4181 ll.
1344 4132 1376 4182 ll.
1398 4133 1485 4183 Weise.

334 4218 518 4280 Quodlinburg
538 4222 614 4267 t866.
636 4233 661 4282 p.
685 4223 731 4266 423
751 4232 802 4284 sq.¹
