3126 5028
272 375 313 433 Ila
337 376 463 434 Srnrsm
487 375 769 432 lurnnnocnrronru
793 375 995 444 Onnrovnnvu.
1152 374 1210 432 117

69 545 212 606 abiudicat
247 546 293 604 his
331 544 449 606 uerbis:
468 543 486 623 ¹)
529 544 572 604 ’In
610 546 729 623 oblt'qnn
768 545 1017 622 interropatr'one,
1051 543 1104 602 ont
1135 563 1213 603 mer-

70 648 129 708 bnm
155 647 315 708 cohaereat
343 666 411 707 cnm
442 647 629 708 antecedente
659 648 762 728 atiquo
785 647 894 719 narbo,
920 646 1144 726 coniunctionem
1158 665 1214 706 rc-

67 751 141 828 qniri
158 751 190 810 in
211 758 351 829 prompta
373 757 426 811 est.
463 751 599 810 Fuerant
621 759 730 822 tomen,
757 750 810 828 qni
825 748 988 809 indication
1004 767 1120 828 qnoque
1136 751 1214 814 lanc

67 852 151 912 sedem
182 853 379 927 concederent,
407 851 486 912 nullo
509 861 694 932 argumento,
720 850 772 911 sed
794 851 908 928 decepti
928 850 1012 930 falsa
1036 853 1216 932 interpunc-

67 955 318 1016 tionenerbornm.
345 955 499 1014 -Ptant
528 956 620 1016 Mero.
646 956 672 1027 1,
692 961 721 1030 2,
743 959 796 1014 34:
828 955 895 1013 llic
917 952 1025 1031 mihi,
1058 974 1105 1017 an
1128 957 1217 1019 boni

67 1057 146 1134 qnid
166 1075 325 1137 usquam
348 1065 416 1132 est,
444 1057 641 1136 interpunctio
661 1065 728 1136 post
750 1056 842 1117 milti
860 1056 999 1134 ponenda
1020 1059 1087 1133 erit,
1113 1068 1148 1121 nt
1163 1065 1215 1122 in-

66 1158 181 1230 dicetur,
196 1160 458 1238 interropationem
470 1168 584 1221 reetam
589 1178 647 1239 per
654 1178 684 1220 se
693 1167 775 1221 stare
785 1178 838 1219 nec
849 1159 980 1238 pendere
993 1180 1012 1218 a
1024 1161 1115 1221 aerbo
1128 1163 1212 1225 dic!

67 1259 121 1320 Sed
149 1252 340 1340 quamquam
370 1262 401 1320 in
432 1261 589 1323 nonnullis
612 1280 686 1324 sane
709 1261 860 1340 exemplis
882 1263 1128 1341 interpunctione
1150 1286 1215 1328 rem

65 1366 198 1425 excusari
221 1374 253 1424 et
274 1365 540 1442 interrogationem
563 1374 677 1424 rectam
699 1363 776 1426 effici
799 1382 890 1443 posse
906 1364 1138 1428 concedendum
1156 1383 1212 1448 est,

66 1475 158 1527 tamen
189 1468 222 1526 in
250 1467 325 1528 satis
356 1485 466 1544 magno
495 1467 704 1546 exemplorum
728 1485 857 1528 numero
880 1468 1073 1528 enuntiatum
1096 1471 1216 1550 prima·
1303 1460 1306 1466 ¹

66 1570 137 1628 rium
160 1578 192 1630 et
214 1568 432 1630 secundarium
455 1569 553 1629 artius
567 1570 648 1629 inter
663 1590 696 1630 se
713 1570 884 1646 cohaerent,
911 1587 1004 1648 quam
1021 1589 1100 1649 quae
1116 1574 1217 1635 inter-

63 1674 223 1748 punctione
245 1671 421 1750 discerpere
443 1670 546 1748 liceat,
573 1682 608 1732 ut
630 1671 741 1733 Pseud.
769 1673 845 1730 696:
876 1670 1071 1732 commemini
1091 1679 1213 1738 omnia:

64 1775 90 1834 id
116 1784 147 1836 ta
174 1775 277 1850 modo,
309 1793 356 1834 me
385 1774 459 1854 qaid
488 1774 537 1834 nis
559 1772 681 1852 facere,
714 1773 766 1850 fac
788 1776 880 1834 sciam
894 1819 900 1849 ,
933 1775 1001 1834 Cas.
1028 1776 1076 1854 ΙΙΙ,
1111 1777 1140 1855 5,
1170 1781 1215 1839 ,36

62 1876 138 1937 lstnc
167 1885 275 1956 enpeto
304 1877 396 1950 scire,
431 1875 505 1956 qnid
526 1876 607 1937 dimit
628 1884 684 1936 eto.
733 1875 849 1937 Deinde
871 1876 928 1936 hac
951 1878 1067 1938 ratione
1090 1880 1216 1943 minime

62 1979 245 2056 explicatur,
271 1976 358 2038 unde
381 1977 497 2038 lactum
521 1980 576 2056 sit,
603 1989 639 2040 ut
660 1977 743 2058 apud
765 1979 884 2058 priscos
906 1977 1031 2057 quidem
1054 1983 1217 2060 scriptores

62 2080 118 2142 dua
139 2081 298 2142 enuntiata
322 2090 384 2141 tam
407 2081 469 2142 leui
492 2099 611 2142 conexu
633 2082 845 2159 cohaererent,
878 2091 913 2141 ut
935 2090 1092 2161 tamquam
1114 2087 1218 2147 inter-

61 2183 223 2262 pungendo
246 2183 347 2244 dirimi
370 2193 505 2262 possent,
531 2183 616 2261 apud
637 2185 814 2263 posterioris
836 2203 911 2244 uero
930 2186 1038 2245 aetatis
1054 2189 1217 2268 scriptores

61 2295 117 2346 tam
141 2296 208 2346 arto
232 2286 358 2346 uinculo
382 2288 651 2366 coniungerentur,
678 2295 713 2348 ut
734 2286 865 2347 alterum
889 2305 929 2346 ex
951 2287 1045 2348 altero
1067 2290 1218 2367 penderet

62 2398 89 2446 et
109 2389 139 2448 in
162 2389 324 2450 enuntiato
346 2389 562 2468 interrogation
586 2389 696 2450 modus
719 2389 934 2449 coniunctiuus
956 2388 1137 2453 efficeretur.

140 2492 256 2552 Fusius
267 2490 401 2571 denique
414 2491 545 2553 Holtze
561 2491 723 2553 decadem
740 2493 919 2570 quaestione
935 2493 1078 2571 exposuit
1088 2494 1178 2556 haec:
1192 2497 1212 2579 ²)

62 2592 231 2654 ’indicatiai
258 2611 334 2654 nsua
363 2595 447 2674 apud
474 2597 589 2674 priscos
612 2598 771 2674 scriptores
794 2593 885 2656 multo
910 2594 1031 2655 liberior
1053 2603 1096 2655 est
1125 2617 1217 2677 qnam

61 2695 137 2774 opud
156 2697 348 2776 posteriores
381 2698 521 2776 inprimis
551 2698 581 2756 in
610 2683 891 2778 interropationibns
914 2696 1043 2776 oblr'qm's
1065 2706 1093 2758 et
1115 2719 1218 2761 enun-

60 2798 231 2860 tiationibus
255 2798 417 2873 odientium,
444 2818 521 2879 qnae
536 2799 659 2860 illorum
674 2797 806 2877 formam
823 2799 945 2860 inducre
960 2800 1060 2861 solent.
1081 2839 1120 2848 -
1137 2805 1218 2865 Fre-

60 2902 269 2979 quentissimas
285 2908 329 2961 est
343 2900 390 2962 ln'c
405 2902 589 2962 indicationes
605 2903 742 2980 inprimis
758 2902 839 2982 opnd
854 2904 987 2963 comicos.
1010 2939 1053 2950 —-
1068 2906 1218 2968 Nonnulla

60 3011 153 3064 tamen
174 3023 236 3084 per
258 3005 508 3064 exclamationem
532 3004 688 3082 eaepttcort
707 3011 847 3083 possunt,
874 3006 905 3064 in
926 3005 1075 3066 nonnullis
1097 3008 1220 3070 dubiam

59 3124 116 3166 esse
141 3113 259 3186 potest,
293 3114 396 3166 utram
424 3124 587 3183 pronomen
615 3125 670 3184 pro
699 3107 915 3186 interrogation
946 3127 985 3167 nn
1013 3127 1069 3186 pro
1092 3110 1220 3173 relatiua

57 3209 93 3268 sit
113 3207 346 3288 accipiendam,'
370 3209 528 3270 nonnnlloe
551 3210 640 3268 etiam
663 3210 908 3287 interropationes
930 3219 1014 3271 recta
1037 3211 1221 3276 distinctione

58 3310 138 3387 facto
160 3309 321 3372 habendae
343 3318 433 3372 erant
450 3330 507 3390 pro
530 3310 813 3391 interropatt'onibns
836 3313 949 3384 rectis.
977 3315 1092 3391 quibus
1114 3317 1220 3378 uerbis

58 3413 174 3492 singula
199 3413 392 3492 quaestionis
414 3415 512 3491 capita
534 3414 641 3493 tetigit.
655 3411 676 3492 3)

140 3515 284 3596 Apparet
305 3515 397 3594 igitur
419 3533 458 3574 ex
480 3516 526 3575 eis
544 3533 623 3593 quas
639 3514 728 3576 modo
744 3515 940 3577 laudauimus
956 3520 1221 3596 grammaticorum

125 3706 148 3767 4)
170 3703 289 3753 Tursell.
311 3704 331 3762 1,
352 3717 379 3767 p.
400 3706 458 3752 359.

122 3793 147 3846 t)
170 3791 248 3853 synt.
272 3789 351 3851 prisc.
372 3789 463 3852 script.
485 3789 530 3838 lat.
550 3790 581 3848 11,
603 3801 628 3851 p.
651 3792 708 3847 444,
731 3793 740 3836 4
764 3792 790 3837 et
808 3803 833 3852 p.
856 3792 914 3848 444),
935 3793 958 3846 3,
980 3802 1004 3838 c.

124 3878 147 3937 4)
170 3873 274 3925 Pseud.
290 3875 308 3932 l,
330 3878 354 3933 t,
376 3877 422 3921 ts:
448 3874 593 3933 Picentem,
614 3875 734 3948 antntis‚
753 3872 809 3933 fano
818 3879 847 3924 nt
858 3877 974 3923 animam
986 3877 1118 3939 ademtae,
1133 3881 1224 3940 quoius

58 3968 184 4012 amatores
210 3960 278 4010 otini
295 3961 428 4020 Dpnamin
451 3962 519 4009 domi
541 3961 631 4009 tabent
654 3973 806 4008 mnanmam
825 3959 918 4008 Holtze
937 3961 963 4009 in
984 3962 1221 4026 interrogationum

58 4048 229 4112 obliquarum
252 4058 366 4094 numero
382 4045 483 4094 habere
501 4058 555 4094 non
574 4045 704 4106 debebat,
724 4044 823 4108 quippe
842 4058 922 4108 quem
941 4058 1052 4105 uersum
1071 4061 1150 4096 nemo
1169 4061 1222 4097 uon

59 4147 102 4198 pro
120 4133 267 4182 enuntiato
286 4130 400 4181 relatiua
418 4129 536 4180 habebit.
