3086 5024
318 417 361 478 Iln
384 418 514 480 Sturum
537 419 817 481 larnanoolrroumr
840 420 1039 494 Ormomnvrr.
1201 421 1263 482 229

103 589 313 668 rogationibus
342 607 513 670 pronomen
540 592 810 671 interrogatiuum,
848 591 930 673 quod
961 601 1009 652 est
1043 594 1075 652 in
1104 595 1264 655 enuntiato

102 691 294 770 secundario,
321 701 383 753 tam
406 702 471 754 arte
495 713 566 756 cum
588 695 686 756 nescio
709 696 868 757 enuntiato
890 697 1036 776 primario
1049 695 1209 774 cohaeret,
1229 705 1264 758 ut

102 814 172 856 cum
189 795 241 855 illo
257 797 288 856 in
305 814 398 856 unam
414 795 478 857 lere
501 811 614 858 uocem·
631 796 783 858 coalescat
805 808 835 859 et
856 800 954 862 nescio
978 800 1054 880 qur'a,
1077 801 1175 861 arcario
1191 800 1263 880 quid

100 907 154 960 etc.
168 898 337 960 locutiones
354 917 425 960 cum
440 901 630 978 pronominis
646 900 797 961 indefiniti
815 903 969 963 notionem
991 902 1176 982 acceperint,
1195 901 1263 963 siue

100 1020 156 1080 pro
179 1002 319 1063 subiecto
341 1002 408 1062 siue
423 1021 479 1082 pro
495 1001 612 1064 obiecto
628 1003 738 1065 mediis
753 1006 922 1066 enuntiatis
938 1006 1125 1067 inserantur.
1162 1004 1262 1084 h'tque

100 1105 227 1166 interior
249 1104 300 1165 illc
323 1105 546 1166 sententiarum
570 1124 705 1168 conexus
728 1108 811 1167 etin
835 1108 899 1186 ipsa
916 1108 1143 1170 enuntiatorum
1160 1109 1262 1185 specie

100 1226 135 1268 ac
150 1206 248 1268 lorma
264 1215 408 1286 apparet:
433 1226 504 1270 cum
521 1209 552 1269 in
568 1208 735 1270 uerborum
751 1209 955 1288 collocatione,
975 1209 1129 1290 siquidem
1145 1228 1262 1290 prono-

100 1328 172 1370 men
184 1310 359 1390 interrogati
365 1329 437 1372 uum
454 1319 485 1372 ct
499 1313 594 1373 nescio
610 1313 803 1374 enuntiatum
819 1313 999 1393 primarium
1012 1315 1100 1375 tortio
1112 1311 1263 1374 uocabulo

99 1413 280 1490 interposito
301 1410 370 1493 (nisi
393 1414 457 1475 sola
476 1414 529 1495 pol
548 1413 768 1496 interiectione)
789 1413 922 1497 discerpi
945 1426 1113 1497 nequount,
1141 1424 1207 1477 tum
1230 1417 1262 1475 in

99 1516 166 1594 ipsa
189 1516 288 1576 nescio
311 1515 387 1596 quis,
413 1516 510 1577 acacio
534 1516 608 1598 quid
630 1525 685 1578 cto.
712 1518 899 1581 locutionum
922 1518 1075 1598 prosodia,
1101 1518 1195 1599 quod,
1228 1528 1263 1580 ut

97 1617 134 1678 A.
163 1617 263 1678 Luchs
286 1615 389 1679 docuit
398 1616 431 1699 ¹),
460 1619 628 1681 locutiones
650 1620 720 1682 illae
743 1621 963 1684 uocabulorum
987 1622 1261 1684 choriambicorum

97 1721 129 1781 in
154 1718 282 1782 modum
305 1719 503 1782 adhibentur.
544 1723 624 1784 llaec
646 1732 747 1784 tamen
770 1733 923 1787 structura
953 1726 1013 1787 nisi
1035 1724 1159 1786 duabus
1182 1743 1262 1786 con-

99 1822 277 1885 dicionibus
299 1832 380 1885 stare
403 1825 521 1904 nequit,
547 1825 663 1904 quihus
686 1826 759 1887 solis
774 1836 860 1890 amus
876 1828 927 1888 ille
942 1828 1042 1890 nescio
1061 1829 1138 1910 quir,
1164 1829 1262 1890 nescio

96 1927 174 2006 quid
195 1934 248 1988 etc.
275 1926 498 1989 uocabulorum
527 1947 663 1992 conexus
685 1930 845 1992 alliciatur.
892 1931 934 1990 lta
965 1931 1046 1990 enim
1075 1931 1132 1991 hae
1161 1931 1262 1990 inter·
1344 1945 1346 1948 ·

100 2031 273 2109 rogationes
296 2039 489 2110 comparatae
512 2032 574 2092 sint
596 2040 722 2111 oportet,
749 2042 784 2094 ut
805 2033 902 2094 nescio
925 2034 1117 2095 enuntiatum
1140 2035 1262 2115 prima-

99 2134 199 2212 rium,
234 2133 302 2194 siue
324 2135 553 2214 grammaticam
578 2136 646 2196 siue
674 2137 802 2215 logicam
825 2145 946 2216 spectes
969 2138 1133 2214 rationem,
1161 2156 1262 2215 neque

97 2255 171 2297 cum
188 2237 278 2297 tertio
294 2235 429 2316 quodam
445 2240 604 2300 enuntiato
619 2239 789 2312 cohaereat,
810 2257 911 2319 neque
928 2240 1041 2300 maiore
1057 2240 1088 2301 ui
1104 2239 1258 2317 efferatur,

98 2342 196 2400 immo
218 2341 370 2400 enuntiati
392 2339 568 2403 secundarii
592 2342 698 2403 uerbis
721 2361 841 2403 summa
859 2343 1028 2403 sententiae
1051 2342 1258 2418 continentum

96 2441 213 2504 deinde
236 2450 272 2504 ut
294 2440 333 2503 de
356 2444 483 2522 actione,
510 2463 590 2524 quae
613 2447 763 2507 enuntiati
786 2445 962 2507 secundarii
986 2445 1082 2507 uerbo
1110 2446 1261 2526 exprimi—

97 2555 159 2624 tur,
188 2546 248 2607 iam
272 2565 334 2607 non
357 2556 525 2625 quaeratur
547 2547 603 2610 sed
624 2557 744 2610 constet
766 2558 797 2610 et
818 2551 850 2610 in
873 2549 936 2610 solo
959 2549 1138 2628 pronomine
1161 2548 1261 2608 inter-

96 2649 237 2728 rogatiuo
252 2650 394 2728 quaestio
409 2658 563 2712 uertatur:
581 2652 682 2713 Veluti
697 2671 767 2713 cum
783 2650 851 2714 dico
862 2653 959 2714 nescio
976 2653 1041 2733 qais
1053 2650 1099 2712 hic
1116 2651 1258 2731 loquitor,

97 2754 278 2831 loquentem
301 2751 436 2830 aliquem
464 2751 573 2832 audio,
606 2773 706 2834 neque
735 2755 867 2837 amplius
898 2754 936 2816 de
966 2757 1084 2816 actione
1116 2752 1261 2835 loquendi

94 2855 225 2932 dubito,
258 2852 314 2916 sed
339 2852 377 2915 de
400 2873 532 2935 persona
561 2856 715 2936 loquentis
745 2858 848 2920 adhuc
876 2861 1011 2942 incertus
1040 2878 1125 2934 sum;
1159 2859 1261 2918 nescio

94 2959 200 3037 igitur,
227 2957 298 3036 quis
321 2959 362 3018 sit
383 2958 420 3037 is,
447 2960 501 3039 qui
523 2959 668 3039 loquitur.
710 2962 816 3040 ltaque
840 2963 870 3020 in
894 2962 943 3021 his
973 2960 1261 3041 interrogationibus

93 3078 201 3139 neque
223 3066 322 3120 totum
337 3062 530 3123 enuntiatum
546 3061 766 3125 secundarium
783 3064 815 3123 in
838 3062 970 3126 dubium
995 3073 1133 3142 uocatur,
1159 3081 1260 3141 neque

94 3172 197 3225 totum
221 3181 260 3222 cx
282 3164 380 3224 nescio
402 3165 560 3227 enuntiato
581 3165 726 3245 primario
748 3165 878 3247 pendet,
905 3166 960 3228 sed
982 3185 1055 3247 pars
1078 3167 1161 3227 cius:
1188 3184 1259 3227 nam

92 3266 195 3328 nescio
218 3284 289 3326 cum
312 3268 494 3345 pronomine
516 3268 734 3348 interrogatluo
765 3270 829 3330 solo
858 3271 898 3330 ita
928 3269 1177 3349 coniungendum
1200 3277 1255 3345 cst,

92 3379 131 3431 ut
154 3366 195 3429 ad
220 3368 353 3430 uerbum
382 3371 500 3449 ipsum,
534 3370 657 3450 quoda
687 3373 866 3451 quaestione
892 3382 1070 3453 exemptum
1101 3381 1164 3451 est,
1198 3391 1259 3432 non

93 3472 261 3552 pertineat.
302 3469 404 3552 Atque
427 3491 494 3535 eam
522 3473 563 3534 ob
593 3493 719 3536 causam
749 3478 780 3536 in
809 3476 960 3538 eiusmodi
989 3476 1258 3554 interrogationum

94 3575 260 3638 enuntiato
282 3574 467 3638 secundario
489 3575 656 3638 indicatiuo
684 3595 761 3640 suus
783 3578 868 3640 locus
890 3587 947 3639 est.
988 3579 1156 3659 Krucger2)
1182 3578 1261 3638 hanc

97 3747 306 3760 ἡ

169 3849 192 3911 t)
214 3849 241 3898 in
261 3850 351 3900 Herm.
373 3850 406 3900 Vl
430 3863 488 3916 pag.
504 3854 552 3902 stt
573 3865 631 3917 sqq.
653 3853 727 3904 Conl.
749 3868 817 3918 quac
836 3855 891 3918 lley
911 3855 927 3904 l.
943 3854 958 3902 l.
976 3866 1000 3919 p.
1022 3857 1071 3904 tlt
1091 3851 1182 3917 §ttae
1197 3867 1260 3917 pro-

93 3936 170 3986 tulit:
201 3935 273 3984 »The
298 3935 395 4000 phrase
413 3939 570 4000 nascio-qui-
588 3939 610 3990 is
629 3941 655 3989 to
673 3940 707 3989 bc
726 3939 823 3991 loolred
842 3954 914 4005 upon
932 3953 994 3990 asa
1019 3938 1167 4004 trisyllahic
1184 3939 1260 3989 word

92 4022 238 4086 partahing
255 4021 284 4070 ol
295 4022 339 4072 the
353 4024 449 4073 nature
461 4022 489 4073 ol
499 4037 533 4074 an
546 4023 686 4088 adjective.
718 4026 808 4076 Hence
821 4027 896 4077 there
910 4028 932 4076 is
945 4040 979 4076 no
994 4025 1161 4089 irregularity
1174 4026 1200 4075 in
1215 4025 1260 4075 the

92 4108 282 4159 construction
300 4107 364 4158 with
383 4122 416 4158 un
436 4108 600 4160 indicative«.

166 4211 192 4274 2)
214 4211 242 4260 in
261 4223 373 4274 gramm.
395 4211 439 4263 lat.
461 4211 474 4276 ξ
493 4217 553 4274 ott,
572 4212 633 4264 adn.
656 4218 679 4264 5.
