3126 5028
283 393 325 450 Du
349 393 476 450 Sturam
501 392 782 448 lurnnnouarmnvn
806 390 1006 458 Oniioviivu.
1170 387 1230 447 119
1306 440 1308 444 .

82 569 205 643 pnttuop,
231 581 278 622 wo
301 560 349 622 die
370 559 622 642 prommotischen
645 559 869 640 oerhindunpen
884 577 916 620 so
929 558 1104 638 pednntiseh
1119 559 1230 619 webr-

82 682 237 743 penommen
266 663 406 741 werden,
439 665 497 724 wie
520 681 551 724 es
574 667 603 722 iu
628 663 682 723 der
706 662 802 722 herten
825 662 884 722 zeii
905 661 960 722 der
982 663 1104 721 linemer
1126 662 1232 720 t'mrner

81 764 211 845 peccioli,
238 767 402 828 bedentend
426 763 620 827 besehruenltt
640 763 762 825 werden
783 769 920 824 murale!
959 764 1035 822 Nam
1058 781 1181 824 reuera
1197 764 1230 822 in

82 867 211 928 cotidiani
243 869 395 929 sermonis
424 887 485 929 usu
515 869 609 929 huius
640 876 811 928 structurae
834 867 982 944 originem
1006 863 1226 944 quaerendam,

81 979 108 1028 et
128 969 308 1032 reiciendam
330 987 401 1031 esse
422 971 542 1032 illorum
565 972 834 1050 grammaticorum
857 968 1052 1047 sententiam,
1080 970 1132 1047 qui
1148 965 1230 1028 hanc

83 1080 257 1132 structuram
280 1072 320 1134 ad
343 1073 528 1134 Graecorum
546 1074 745 1134 imitationem
761 1070 958 1147 rennuebant,
978 1089 1017 1130 ex
1032 1071 1089 1130 hac
1105 1083 1230 1149 quoque

82 1176 201 1253 ratione,
236 1177 296 1236 nisi
325 1175 432 1254 iallor,
466 1187 609 1256 apparet:
646 1177 671 1237 si
699 1177 775 1236 haec
805 1183 959 1236 structura
982 1191 1022 1234 ex
1044 1174 1228 1234 Graecorum

82 1276 196 1337 demum
219 1278 322 1340 studio
345 1279 443 1356 fluxit,
470 1281 584 1340 mirum
607 1287 655 1340 est
676 1297 745 1338 eam
767 1295 829 1338 nou
851 1277 1010 1358 amplexos
1034 1293 1103 1338 esse
1126 1277 1230 1353 scrip-

81 1387 151 1440 tores
173 1381 240 1442 eius
273 1382 398 1460 aetatis,
432 1400 493 1461 qua
523 1382 661 1443 studium
690 1379 896 1460 graecissandi
926 1380 1058 1439 maxime
1088 1379 1228 1438 floruisse

80 1490 205 1562 constat,
239 1483 296 1545 sed
319 1475 464 1564 quamuis
486 1484 570 1562 apud
592 1483 775 1564 antiquioris
798 1483 944 1564 temporis
967 1484 1130 1562 scriptores
1154 1496 1229 1541 sae-

79 1587 195 1663 pissime
240 1588 437 1664 inueniatur,
486 1585 571 1664 apud
618 1588 799 1647 recentiores
844 1603 912 1645 eam
953 1585 1102 1665 paulatim
1149 1603 1230 1646 eua-

79 1688 182 1750 nuisse.
235 1689 299 1750 Sed
325 1690 417 1750 etiam
439 1691 505 1769 ipsa
534 1699 686 1750 structura
716 1705 804 1750 suam
826 1689 974 1768 originem
1000 1697 1104 1768 aperte
1119 1697 1229 1747 osten-

80 1789 127 1849 dit.
173 1793 248 1852 Nam
279 1809 350 1851 oum
378 1809 479 1852 sermo
509 1791 680 1852 cotidianus
704 1789 864 1869 rogitando
886 1791 1019 1850 maxime
1042 1799 1074 1851 et
1094 1807 1229 1868 respou—

78 1891 169 1954 dendo
197 1893 362 1972 alliciatur,
381 1905 427 1956 ,et
457 1911 490 1954 re
518 1911 592 1956 uera
623 1895 656 1956 in
679 1893 828 1956 diuerbiis
851 1894 984 1972 plurima
1007 1893 1099 1954 huius
1123 1901 1232 1953 struc-

79 2003 156 2057 turae
188 1998 331 2077 exempla
365 1998 448 2077 apud
482 2007 589 2076 poetas
623 1997 776 2058 scaenicos
803 1997 1016 2057 inueniantnr:
1056 1994 1132 2074 quid
1163 1996 1230 2056 ueri

80 2100 204 2162 similius
231 2119 300 2162 esse
330 2109 445 2180 potest,
480 2119 573 2180 quam
596 2101 676 2162 hauc
697 2101 862 2179 praecipue
885 2099 1127 2161 structuramssin
1149 2099 1230 2158 coti-

78 2200 159 2263 diano
188 2221 329 2266 sermone
357 2203 462 2265 sedern
493 2203 641 2266 habuisse
669 2212 700 2264 et
722 2201 795 2264 iude
817 2221 834 2262 a
856 2203 954 2283 poetis
977 2202 1142 2277 scaenicis,
1175 2201 1229 2280 qui

77 2303 210 2366 cotidiani
237 2309 389 2368 sermonis
418 2325 513 2368 usum
541 2308 653 2368 imitari
684 2305 846 2384 diligenter
875 2296 1054 2381 studerent,
1087 2304 1230 2366 haustam

76 2407 103 2465 in
127 2409 234 2488 eisque
263 2408 440 2472 fabularum
468 2409 623 2491 partibuS,
657 2426 738 2489 quae
765 2407 917 2469 diuerbiis
940 2405 1133 2484 efficiuntur,
1167 2405 1231 2467 ad*

77 2508 194 2572 hibitam
218 2514 309 2573 assei

152 2614 316 2694 Postquam
337 2615 429 2694 igitur
451 2617 642 2695 singulorum
664 2614 932 2694 grammaticorum
955 2613 993 2674 de
1016 2614 1074 2674 hac
1096 2631 1128 2672 re
1151 2627 1231 2671 sen-

77 2718 177 2778 tentias
205 2719 407 2796 repetiuimus
438 2727 469 2778 et
499 2717 537 2780 de
567 2735 642 2779 uera
672 2717 766 2778 huius
794 2726 969 2778 structurae
990 2717 1104 2794 origine
1127 2733 1230 2794 expo-

77 2821 197 2898 suimus,
226 2820 350 2882 iamed
373 2823 472 2901 ipsum
496 2822 726 2900 quaestionem,
753 2835 847 2898 quam
864 2817 1116 2899 pertractandam
1140 2815 1230 2876 nohis

76 2925 301 3001 proposuimuS,
340 2921 523 2984 accedamus
558 2933 589 2983 et
624 2921 778 3001 quomodo
811 2922 844 2981 in
872 2922 937 2996 hac
974 2933 1006 2981 ru
1042 2921 1161 3001 priores
1199 2927 1231 2979 et

76 3025 250 3100 posteriores
274 3025 438 3104 scriptores
461 3025 543 3085 inter
563 3043 596 3084 se
619 3023 777 3102 differant,
811 3023 986 3085 uideamus,
1035 3025 1231 3102 Quamquam

76 3128 148 3186 enini
171 3127 334 3206 apparebit
356 3129 388 3187 iu
411 3129 594 3188 uniuersum
617 3129 782 3207 scriptores
804 3127 922 3204 priscos
946 3126 1070 3188 easdem
1092 3126 1175 3205 leges
1198 3126 1230 3184 in

76 3227 253 3292 adhibendis
284 3230 382 3293 modis
415 3239 536 3292 secutos
566 3246 634 3290 esse
664 3239 758 3308 atque
786 3231 987 3307 posterioreS,
1026 3239 1057 3289 et
1084 3229 1230 3307 quemuis

77 3349 160 3412 saepe
187 3333 312 3395 difficile
341 3335 380 3396 sit
410 3334 528 3414 legum,
563 3351 641 3413 quas
672 3333 702 3393 in
734 3330 875 3411 ponendo
905 3342 960 3393 θυι
988 3331 1154 3392 indicatiuo
1177 3340 1231 3391 aut

76 3438 264 3498 coniunctiuo
287 3438 385 3498 secuti
408 3437 470 3496 siut
491 3437 657 3513 scriptores
680 3435 782 3514 prisci,
810 3442 907 3496 certos
929 3435 1115 3495 constituere
1138 3432 1225 3510 fines,

76 3545 169 3598 tamen
198 3540 317 3618 aliquot
346 3550 420 3601 sunt
449 3538 719 3617 interrogationum
749 3537 884 3616 species,
921 3538 953 3595 in
988 3533 1102 3614 quibus
1131 3543 1228 3594 certas

75 3638 151 3718 leges
172 3642 205 3701 in
227 3641 413 3704 adhibendis
429 3642 477 3703 his
500 3639 600 3704 modis
623 3641 721 3701 secuti
744 3657 812 3700 esse
836 3637 992 3699 uidentur.
1040 3636 1229 3697 ludicatiuus

75 3742 148 3801 enim
179 3743 233 3804 ubi
265 3745 295 3802 in
324 3743 615 3823 interrogationibus
647 3742 789 3821 obliquis·
814 3740 960 3817 occurrit,
998 3739 1152 3818 profectus
1182 3748 1230 3798 est

74 3854 122 3904 θυι
142 3865 181 3904 ex
203 3847 269 3906 laxo
292 3847 445 3906 enuntiati
468 3846 606 3925 primarii
629 3853 660 3905 et
682 3843 857 3905 secundarii
880 3860 1010 3920 conexu,
1037 3851 1091 3902 θυι
1113 3859 1152 3900 ex
1175 3841 1230 3900 in-

75 3944 228 4008 clinatione
257 3945 391 4026 quadam
414 3948 604 4027 pronominis
626 3946 837 4025 interrogatiui
861 3944 901 4006 ad
923 3944 1057 4006 uerbum
1080 3944 1228 4004 enuntiati

75 4049 220 4126 primarii,
254 4057 310 4111 aut
338 4049 472 4128 denique
494 4065 533 4110 ex
554 4050 622 4128 ipsa
644 4049 794 4109 enuntiati
817 4046 991 4109 secundarii
1014 4056 1141 4126 natura,
1175 4045 1230 4107 uhi

77 4167 119 4212 ras
140 4155 178 4216 de
200 4171 263 4234 qua
287 4153 387 4233 agitur
408 4152 448 4216 ita
472 4154 556 4215 omni
578 4151 770 4216 dubitatione
784 4159 885 4229 uacat,
912 4159 1064 4214 utcontra
1080 4151 1230 4213 rationem
