3116 5020
334 395 398 456 246
569 485 573 492 ⁸
765 395 924 456 Ennianus
947 395 1072 454 Breuem.

336 573 490 630 Mummius
509 566 604 649 (nobb.
623 573 703 628 Com.
725 575 798 641 234,
821 571 846 644 4)
875 570 916 626 Ad
951 572 1112 644 opeetucniu
1148 578 1190 626 est
1226 571 1337 636 uidere,
1375 571 1404 626 im
1429 578 1486 628 teoto

920 678 1061 745 quantum
1082 674 1119 730 sit
1141 680 1236 745 ceput.

337 778 377 834 Pl.
403 779 461 835 iiii.
490 782 546 836 438
576 776 621 850 (11,
650 785 679 849 t,
707 777 737 850 3)
857 778 898 835 Mi
920 778 1047 850 equidem
1076 777 1135 832 inm
1169 774 1270 832 arbitri
1300 776 1392 831 uicini
1418 781 1482 842 sunt,

920 897 999 936 meae
1021 880 1091 951 quid
1114 878 1163 934 fiat
1185 878 1273 936 domi.
1325 894 1334 912 ·

402 982 476 1038 liud.
504 986 563 1040 573
593 983 639 1055 (ΙΙ,
665 987 697 1053 t,
726 984 777 1057 tt)
861 983 894 1040 m
924 982 1005 1040 uides
1033 999 1099 1046 mc,
1132 988 1250 1037 ornatus
1279 985 1312 1038 ut
1340 981 1393 1037 sim
1414 983 1487 1037 ueri—

921 1088 1020 1142 mentis
1042 1083 1149 1142 nuidis.

402 1190 487 1246 Truc.
513 1191 549 1259 il,
580 1191 610 1259 5,
640 1193 672 1246 tt
704 1183 788 1265 (too)
870 1191 977 1246 Vosmet
997 1189 1057 1246 ium
1079 1187 1194 1264 uidetis,
1221 1187 1375 1244 Vtorncta
1389 1187 1486 1242 incedo.

917 1293 1069 1368 puerperio
1086 1307 1136 1364 epo
1152 1307 1228 1348 nunc
1243 1307 1287 1346 me
1311 1306 1372 1346 esre
1393 1306 1489 1361 ecyrum

925 1394 1077 1452 adsimulo.

343 1492 393 1552 Sic
425 1491 519 1571 uulgo
552 1493 796 1573 interpungitur3
838 1491 894 1556 sed
923 1511 993 1554 eum
1023 1492 1100 1554 haec
1131 1490 1337 1571 interpunctio
1372 1488 1490 1550 incedam

346 1594 577 1656 coniunctiuum
599 1604 703 1658 contra
726 1595 821 1658 libros
845 1596 997 1658 Palatinos
1018 1595 1164 1675 postulet,
1190 1603 1283 1674 atque
1305 1593 1432 1671 insuper
1445 1592 1491 1651 hao

346 1698 594 1777 interpunctione
627 1717 740 1762 sensus
773 1699 877 1764 minus
909 1707 1001 1778 aptus
1034 1697 1197 1777 efficiatur,
1233 1695 1406 1778 praestabit
1434 1713 1491 1755 oum

346 1799 561 1862 Studemnndo
587 1799 740 1883 (zeitschr.
758 1801 827 1864 iuer
841 1802 1055 1884 gymnasialw.
1088 1801 1219 1864 Beroiini
1238 1801 1318 1862 4864
1336 1798 1398 1860 uol.
1415 1799 1492 1860 xvm

348 1921 416 1982 pag.
443 1902 515 1985 540)
543 1905 587 1966 sio
607 1905 840 1988 interpungere:
878 1907 992 1968 Vosmet
1013 1906 1076 1967 ium
1098 1903 1225 1966 uidetis:
1261 1905 1296 1966 Vt
1318 1909 1428 1964 ornato
1451 1901 1491 1962 in-

346 2005 427 2081 cedo,
449 2008 611 2088 puerperio
633 2010 695 2090 Epo
717 2027 798 2074 nunc
820 2027 866 2072 me
896 2027 958 2072 erse
988 2026 1114 2089 reprom
1143 2005 1303 2068 adsimulo.
1342 2007 1445 2084 ltaque
1467 2013 1493 2065 ut

347 2117 458 2171 ornatu
480 2111 581 2172 incedo
605 2110 701 2174 uerbo
725 2121 790 2174 arte
813 2112 976 2180 cohaerent
1004 2129 1075 2173 cum
1094 2107 1284 2191 puerperio.
1305 2155 1312 2169 .
1335 2154 1341 2168 .
1362 2106 1492 2170 udrhnoio

347 2213 506 2274 enuntiato
527 2214 666 2292 proxime
689 2215 843 2295 sequenti,
874 2213 959 2295 quod
981 2231 1172 2294 quamquam
1193 2220 1226 2274 ct
1246 2214 1350 2291 ipsum
1374 2229 1413 2272 ex
1432 2227 1492 2271 uor-

346 2323 405 2376 mct
427 2315 490 2376 mm
512 2316 620 2378 uidetis
643 2317 801 2380 enuntiato
824 2318 970 2398 primario
992 2336 1049 2398 per
1063 2316 1219 2396 obliquam
1237 2315 1405 2376 orationem
1425 2331 1492 2393 pen·
1534 2379 1535 2394 ἶ

347 2415 420 2478 dere
443 2436 499 2496 par
520 2429 577 2498 ost,
604 2428 709 2481 tamen
731 2441 815 2483 more
831 2421 969 2484 Plautino
992 2420 1126 2484 oratione
1148 2427 1230 2480 recta
1252 2419 1337 2479 iuxta
1363 2417 1490 2479 enuntia·

347 2529 412 2581 turn
436 2520 513 2582 illud
535 2523 717 2602 primarium
746 2526 882 2605 positum
910 2535 959 2589 cst
993 2523 1080 2602 (conf.
1107 2521 1216 2585 Holttii
1243 2522 1386 2603 syntaxis
1413 2521 1488 2600 priso.

349 2623 454 2701 script.
487 2623 540 2685 iat.
573 2626 635 2688 nol.
668 2628 705 2688 ll.
735 2647 767 2708 p.
801 2630 874 2708 nm,
909 2626 972 2710 44).
1023 2628 1057 2690 Vt
1085 2633 1197 2688 ornato
1226 2625 1328 2688 incedo
1360 2623 1491 2686 enuntiati
1532 2683 1533 2700 ¹

346 2735 500 2789 structura
530 2727 639 2791 eadem
668 2739 717 2792 est
745 2740 838 2811 atque
866 2751 893 2792 o.
926 2750 956 2811 g.
987 2729 1099 2794 Pseud.
1130 2727 1207 2791 979:
1251 2729 1290 2792 Vt
1325 2727 1490 2801 uertitur,

343 2829 518 2910 perscrutor
540 2833 694 2912 parietum
722 2831 798 2915 (soil.
824 2834 929 2898 nidere
951 2836 1003 2898 uel
1025 2833 1080 2916 cs).

798 3017 801 3022 .
909 2934 939 3019 3)

347 3054 387 3096 cx
410 3037 602 3100 condiendi
622 3037 732 3100 uerbo:

347 3146 413 3200 Ter.
431 3143 521 3201 Andr.
550 3150 609 3203 936
638 3144 681 3218 (V,
710 3151 739 3216 t,
765 3140 815 3224 33)
840 3155 907 3219 post
927 3146 968 3203 ihi
989 3161 1062 3202 nnnc
1080 3147 1206 3219 primurn
1228 3143 1333 3212 audio,
1365 3142 1436 3214 Quid
1456 3142 1492 3198 ido

930 3252 966 3306 sit
986 3250 1105 3323 [actum.
1229 3311 1246 3330 fl

348 3351 388 3404 Pl.
403 3348 508 3420 Amph.
530 3354 591 3410 745
612 3353 656 3424 (ΙΙ,
678 3357 707 3420 2,
729 3346 797 3429 443)
849 3353 960 3427 Quippe
975 3371 1012 3410 em
1028 3362 1053 3410 te
1063 3351 1171 3420 audiui,
1190 3357 1223 3407 ut
1237 3350 1333 3408 urbem
1348 3365 1491 3406 macunen

842 3458 1076 3528 Expugnauisses
1086 3451 1106 3528 ¹)
1132 3471 1284 3528 repenoque
1299 3456 1434 3513 Pterelam
1450 3459 1492 3508 tote

931 3559 1083 3615 occideris.

349 3662 414 3716 Ter.
434 3662 503 3716 Heu.
532 3664 589 3718 607
621 3655 691 3737 (1111,
720 3667 749 3730 3,
780 3655 807 3738 4)
844 3661 936 3731 Quem
972 3679 1036 3719 cum
1064 3663 1135 3719 iotoc
1173 3677 1331 3721 sermonem
1361 3661 1488 3725 habueris,

642 3761 648 3773 '
930 3766 1031 3838 procul
1053 3765 1119 3821 hinc
1140 3773 1220 3821 stunc
1243 3768 1354 3836 accepi,
1379 3782 1456 3822 noeor.

346 3869 387 3923 Pl.
413 3869 500 3924 Poen.
523 3869 555 3936 V,
584 3871 614 3936 7,
641 3873 679 3924 33
707 3862 812 3945 (4388)
841 3868 984 3935 Quantum
1006 3869 1105 3925 audiui
1126 3870 1315 3941 inueniunt
1346 3877 1372 3926 et
1393 3883 1489 3925 mores

932 3973 1002 4041 eiua,
1029 3987 1088 4044 quo
1111 3978 1196 4044 pacto
1218 3973 1302 4028 sient.

418 4191 440 4251 4)
462 4187 587 4238 Ceterum
606 4192 732 4252 expectes
751 4191 958 4253 iimpnpnuucris.
1031 4255 1035 4266 .
