3176 5028
300 389 340 450 52
737 388 888 450 Avevsrrs
911 390 1016 450 chus.

297 559 474 639 Camerarii,
501 561 555 640 qui
578 560 618 621 ad
642 560 723 621 tabit
745 559 865 621 addidit
887 560 966 636 obit,
1001 571 1036 619 ut
1059 558 1160 618 fieret:
1190 593 1230 602 —-
1254 560 1309 619 etsi
1330 557 1377 618 bic
1402 557 1470 616 to-

299 662 403 722 citabit
426 667 536 724 tomen.
564 699 602 706 -

385 764 464 825 Rud.
492 767 569 824 883:
598 769 650 826 La.
685 767 805 846 lloslre's.
843 766 900 826 Ch.
934 766 999 824 Non
1021 781 1085 823 snm
1110 762 1228 842 hospes:
1254 763 1381 842 re'pudio
1406 762 1469 822 Ιιο-

802 867 924 949 spitidm
947 874 1041 926 tuum.

588 973 648 1048 La.
683 970 977 1050 Siciomesperm's?
996 968 1052 1028 Ch.
1072 968 1124 1028 St'o
1139 970 1223 1047 eqd:
1237 967 1350 1029 semol
1365 967 1465 1028 bibo.

599 1074 651 1133 La.
685 1076 772 1134 Dite
795 1073 954 1152 infelicent.

299 1173 361 1234 Sed
377 1173 453 1252 quid
478 1176 518 1235 sit
540 1174 617 1236 illud
632 1177 723 1237 semel
738 1176 803 1237 bibo
820 1193 890 1235 cum
906 1170 990 1234 baud
1006 1171 1092 1232 iacile
1108 1173 1273 1254 quisquam
1290 1172 1462 1252 intellegat,

300 1295 401 1356 neque
424 1278 499 1338 satis
523 1278 650 1356 eluceat,
677 1297 733 1338 cur
754 1276 794 1338 ad
817 1277 892 1338 haec
914 1275 1013 1337 uerba
1028 1273 1203 1336 Charmidis
1218 1276 1338 1336 Labrax
1362 1277 1468 1354 possit

302 1379 487 1458 respondere
513 1382 551 1440 oz·
572 1389 597 1441 te.
621 1379 785 1458 infelicent,
819 1389 849 1440 et
871 1378 1010 1439 numeris
1032 1389 1063 1438 ct
1085 1379 1254 1438 sententiae
1276 1378 1462 1456 consulitur,

300 1481 325 1540 si
349 1482 419 1540 olim
444 1481 539 1543 fuisse
562 1483 743 1562 comprobas
765 1483 831 1543 uel:
856 1519 889 1525 —
913 1481 965 1540 Sic
987 1499 1061 1560 opo:
1086 1481 1150 1540 sine
1174 1483 1202 1540 tc'
1223 1481 1299 1556 bibo,
1325 1481 1392 1541 uel:
1424 1515 1464 1524 —

300 1584 350 1642 Sic
374 1603 449 1665 opo:
473 1584 553 1646 solcis
576 1586 658 1660 bibo3
685 1604 873 1664 quamquam
897 1584 1000 1644 nescio
1022 1602 1061 1642 an
1085 1581 1170 1642 aliud
1193 1582 1268 1660 quid
1291 1583 1392 1643 lateat.
1421 1618 1468 1626 —

387 1685 477 1766 Epid.
503 1689 529 1748 V
554 1689 581 1764 4,
609 1689 648 1747 50
672 1707 742 1768 sqq.
768 1686 866 1748 edidit
887 1688 1075 1765 Gepportus:

845 1793 906 1870 Epo
929 1789 970 1848 od
992 1806 1044 1848 uos
1070 1788 1275 1868 Tte'sprtonem
1300 1787 1415 1850 bisseno

431 1890 496 1951 Huic
520 1894 666 1954 transire:
692 1893 744 1953 sc'd
764 1900 917 1968 monneto,
943 1893 969 1951 si
992 1891 1066 1972 qrtid
1088 1888 1273 1951 succidat
1295 1896 1415 1966 scne's,

429 1992 589 2074 suppetias
611 1997 686 2056 mibi
706 1995 773 2056 crim
796 2013 898 2056 sorore
919 1994 1013 2074 (irre.
1242 1987 1247 1996 '

301 2096 352 2154 Sic
375 2095 441 2156 cod.
472 2097 641 2175 ParisinuS,
675 2099 825 2177 itemque,
853 2107 888 2156 ut
909 2095 1051 2173 uidetur,
1084 2095 1226 2171 Palatini;
1261 2095 1317 2156 sed
1339 2115 1410 2158 cum
1435 2097 1462 2156 Α

300 2199 446 2275 praebeat
468 2202 598 2260 scrern'uit
619 2219 730 2277 senem,
764 2202 795 2261 in
822 2200 903 2260 libro
932 2209 1035 2259 autem
1064 2199 1209 2276 rescripto
1232 2201 1256 2258 U
1279 2209 1310 2258 et
1332 2201 1354 2258 B
1378 2199 1462 2260 haud

304 2319 371 2360 raro
394 2302 474 2361 inter
497 2321 531 2364 se
554 2313 784 2380 permutentur,
817 2303 923 2362 licebit
952 2301 1030 2362 illud
1061 2302 1256 2380 interpretari
1279 2303 1310 2361 in
1332 2305 1465 2364 soenr'bt't
1579 2291 1580 2356 3

302 2421 408 2463 senen.
451 2406 554 2466 Senem
576 2416 679 2465 autem
702 2425 759 2485 pro
781 2425 864 2466 senes
886 2405 979 2464 etiam
1002 2423 1033 2464 u.
1060 2406 1084 2465 V
1109 2404 1137 2481 4,
1167 2403 1204 2461 to
1229 2405 1375 2482 scriptum
1401 2418 1458 2482 est,

302 2515 424 2566 etcum
449 2526 572 2587 semper
594 2507 632 2568 de
655 2507 779 2569 duobus
803 2507 931 2569 senibus
962 2527 1022 2568 una
1046 2517 1153 2586 agatur
1187 2505 1276 2588 (coni.
1301 2509 1326 2568 V
1350 2509 1378 2586 4,
1408 2509 1458 2568 tc.

302 2609 325 2668 V
342 2610 371 2684 2,
394 2609 436 2689 t),
456 2629 615 2688 nunquam
632 2610 670 2670 de
687 2630 758 2687 uno,
785 2611 913 2672 socuibt't
928 2630 984 2690 pro
1006 2610 1165 2671 soeuibunt
1187 2629 1225 2669 cx
1246 2627 1341 2671 senem
1357 2613 1463 2690 scrip-

302 2719 368 2770 tura
398 2729 453 2790 pro
488 2731 572 2773 senes
599 2713 747 2792 originem
777 2711 906 2773 duxisse
936 2712 1069 2774 uidetur,
1118 2715 1179 2773 Hac
1209 2712 1248 2772 de
1278 2731 1370 2774 causa
1399 2733 1461 2773 nou

302 2824 350 2872 est
372 2812 513 2892 dubium,
540 2816 616 2893 quin
640 2816 772 2894 genuina
795 2816 883 2876 lectio
906 2834 1018 2877 uersus
1040 2815 1123 2876 illius
1148 2817 1223 2876 baec
1246 2817 1300 2876 sit:

433 2915 499 2977 Heio
524 2920 675 2980 transire:
701 2921 753 2980 sc'd
775 2928 926 2996 memento,
954 2922 981 2980 si
1004 2919 1077 2999 quid
1098 2917 1258 2980 succidunt
1280 2921 1462 2994 3644441).-

389 3017 458 3078 Aul.
486 3021 496 3078 l
520 3022 549 3097 2,
579 3022 616 3079 to
641 3021 769 3082 retinuit
791 3023 826 3082 G.
856 3023 1027 3101 Wagnerus
1050 3019 1133 3101 quod
1156 3021 1305 3100 praebent
1328 3023 1387 3102 de

432 3123 516 3182 Nunc
540 3126 597 3202 qno
619 3122 770 3203 profectus
792 3143 859 3185 sum
881 3125 948 3185 ibo:
971 3125 1160 3204 postidc'm
1183 3123 1339 3184 domum.

304 3221 366 3283 Sed
395 3242 465 3282 cum
490 3226 634 3302 postidcrn
663 3244 818 3306 nusquam
847 3226 920 3286 alibi
951 3237 1107 3303 occurrat,
1140 3237 1171 3286 et
1192 3225 1218 3286 Α
1241 3237 1272 3286 et
1294 3229 1321 3287 Μ
1343 3227 1460 3306 passim

303 3326 383 3385 inter
405 3344 438 3386 se
461 3337 684 3405 permutentur,
711 3329 828 3390 collatis
852 3328 900 3390 bis
923 3348 1073 3390 uersuum
1095 3328 1211 3390 finibus
1235 3330 1310 3390 Cist.
1336 3342 1394 3391 cat.
1421 3333 1456 3389 3:

305 3463 341 3470 —
357 3431 484 3506 ponent:
507 3430 643 3507 postided
666 3432 738 3508 loco,
765 3432 859 3492 Stich.
887 3431 942 3490 97:
967 3466 1005 3476 -
1022 3433 1112 3512 quom
1129 3433 1178 3492 te?
1199 3431 1333 3511 postided
1355 3441 1458 3512 potcr3

303 3531 397 3590 Stich.
425 3530 502 3591 758:
533 3566 570 3575 -
590 3533 743 3613 pomum:
765 3534 902 3613 postided
926 3535 982 3595 loci
1003 3553 1065 3593 uon
1088 3544 1135 3594 est
1161 3533 1304 3613 dubium,
1330 3537 1406 3613 quin
1430 3538 1461 3594 in

252 3713 254 3716 Ι
303 3633 492 3695 editionibus
516 3635 674 3696 ueteribus
697 3646 778 3696 recte
800 3635 999 3696 emendatum
1022 3637 1076 3696 sit:
1113 3639 1199 3698 Nunc
1227 3641 1284 3717 qud
1310 3639 1463 3718 profectus

303 3755 367 3795 snm
384 3735 450 3796 ibo:
465 3739 602 3815 postidea
617 3738 737 3799 domum
750 3739 805 3820 (ci.
825 3740 860 3798 Ο.
882 3738 1051 3816 Seyffertus
1074 3739 1177 3800 Philol.
1198 3741 1304 3801 XXVII
1320 3761 1351 3820 p.
1372 3741 1458 3822 433).

225 3909 226 3912 ¹
303 3873 346 3881 —-
369 3839 467 3899 Simili
490 3839 579 3901 modo
602 3842 737 3920 corrupti
761 3853 834 3902 sunt
857 3840 946 3918 Epid.
967 3842 1004 3900 lll
1027 3843 1057 3918 3,
1086 3843 1123 3903 23
1149 3853 1179 3902 et
1202 3845 1290 3903 Truc.
1314 3844 1325 3901 l
1350 3846 1378 3921 4,
1407 3845 1458 3906 27.

373 4081 395 4140 t)
419 4079 491 4128 Hanc
520 4080 736 4133 emendationem
762 4084 917 4144 occupatam
937 4095 996 4130 esse
1021 4082 1144 4130 aDouza
1173 4096 1204 4131 ex
1232 4083 1317 4131 uetuit
1345 4083 1465 4134 editione

305 4167 336 4226 (a.
361 4168 434 4227 taut)
456 4178 596 4226 cognosco.
