3086 5024
310 413 369 471 154
732 412 886 471 Enrnnnvs
910 413 1035 472 Bseran'.

306 584 443 662 apposita
461 582 599 660 laudant,
620 592 752 660 uterque
767 601 836 644 oum
849 581 954 642 oodiae
965 579 1170 642 Ambrosiano
1182 592 1213 641 et
1223 581 1311 642 libris
1327 583 1452 644 Palatinis

307 687 346 748 sit
365 688 596 747 ooniunotiuum
612 684 792 764 praebeant,
819 695 922 746 tamen
945 684 1045 746 faeere
1068 703 1129 745 non
1144 702 1272 763 possum
1296 685 1369 764 quin
1383 685 1453 747 huno

306 807 433 850 uersum
456 797 634 867 corruptum
651 806 720 850 esse
736 807 891 864 censeam,
917 805 994 848 eum·
1006 797 1089 849 totins
1105 787 1191 850 loeus
1206 772 1345 868 grauiore
1360 789 1451 849 morbo

306 891 445 952 laborare
461 891 615 953 uideatur.
642 894 743 963 Quare
758 892 849 970 plura
864 890 904 952 de
920 891 1013 952 huius
1036 891 1092 951 looi
1115 889 1294 952 eondioione
1316 889 1451 953 disserere

306 1013 385 1074 opus
400 1004 460 1055 est:
482 997 686 1073 Syncerastas
702 996 804 1074 igitur,
824 995 894 1074 Lyci
911 994 1030 1054 lenonis
1046 1011 1168 1071 sernuS,
1188 993 1355 1072 Milphioni,
1372 1012 1451 1055 seruo

306 1095 520 1177 Agorastoclis,
544 1117 574 1158 u.
602 1100 662 1156 880
680 1116 748 1177 sqq.
770 1107 875 1157 narrat
896 1094 1130 1176 Adelphasium,
1159 1093 1361 1176 Agorastoclis
1380 1098 1452 1156 ami-

306 1219 383 1278 oam,
409 1202 540 1280 eiusque
563 1218 697 1260 sororem
722 1198 985 1277 Anterastilidam,
1017 1198 1152 1277 quaein
1176 1199 1296 1259 lenonis
1318 1209 1452 1278 potestate

309 1313 391 1380 sunt,
413 1305 561 1382 ingenuas
576 1311 608 1362 et
623 1320 683 1362 una
699 1322 768 1363 anm
782 1303 901 1364 nutrice
917 1301 1111 1363 Giddeneme
1125 1301 1307 1380 Carthagine
1324 1304 1455 1380 paruulos

307 1407 470 1487 subreptas
485 1425 565 1466 esse.
604 1405 738 1484 Milphio,
764 1413 799 1466 ut
813 1424 870 1485 par
882 1415 941 1484 est,
968 1423 1055 1468 erum
1072 1421 1175 1482 suum,
1202 1423 1295 1483 quem
1313 1415 1343 1465 et
1363 1407 1454 1484 ipsum

306 1528 473 1569 sexennem
490 1510 672 1587 Carthagine
688 1508 871 1587 subreptum
889 1527 957 1568 esse
974 1507 1160 1585 recordatur,
1184 1508 1277 1569 huius
1295 1510 1337 1568 rei
1352 1510 1456 1569 certio-

305 1629 369 1672 rem
394 1612 475 1689 laoit,
503 1621 630 1689 oratque
646 1619 681 1672 ut
694 1612 861 1692 populares
877 1629 950 1672 suas
965 1609 1084 1671 liberali
1101 1607 1195 1672 eausa
1210 1629 1304 1671 mann
1327 1611 1454 1686 adserat;

305 1723 410 1794 postea
423 1733 508 1792 uero,
525 1714 579 1776 ubi
594 1715 773 1775 Hannonem
786 1714 944 1794 quendam
953 1714 1253 1793 -Gartltaginiensem,
1269 1749 1311 1760 -
1322 1717 1369 1776 eui
1387 1715 1460 1776 lilias

305 1817 383 1878 duas
407 1817 572 1897 subreptas
596 1836 665 1876 osse
687 1835 727 1876 ex
751 1837 781 1877 n.
803 1820 864 1879 942
886 1816 1100 1897 eognosoimus
1116 1853 1157 1864 -
1173 1816 1395 1896 Agorastoclem
1413 1821 1458 1879 sni

304 1920 405 1980 iratris
428 1919 525 1980 lilium
548 1920 711 1999 agnouisse
734 1940 765 1982 u.
796 1921 875 1980 tots
902 1922 1060 2000 comperit,
1088 1921 1170 1982 huno
1193 1922 1296 1982 uirum
1321 1919 1459 1982 idoneum

305 2042 373 2084 esse
396 2033 492 2101 ratus,
519 2024 571 2102 qui
596 2023 738 2084 lenonem
753 2023 881 2102 falleret,
902 2023 950 2084 his
972 2022 1078 2086 uerbis
1101 2025 1149 2085 sni
1173 2023 1258 2102 quod
1274 2033 1461 2086 commentus

304 2136 353 2186 est
374 2126 493 2188 consilii
516 2127 673 2187 certiorem
696 2125 782 2187 laoit:
1257 2143 1260 2150 ’

308 2228 398 2288 t087.
447 2230 535 2288 Nune
558 2229 788 2290 toccanellum
811 2229 898 2308 eopia
920 2236 948 2288 et
970 2230 1048 2290 iaec
1069 2227 1225 2308 fabricam
1248 2230 1377 2310 adparo,

451 2333 485 2391 Vt
507 2340 533 2393 te
556 2330 743 2411 adlepemas:
766 2330 847 2409 filaus
869 2331 956 2392 dicos
979 2339 1048 2393 tuas
1377 2333 1457 2414 (tto)

448 2434 671 2514 Sabreptasqae
692 2451 755 2496 esse
774 2434 924 2513 paruolus
948 2435 1141 2516 Cartlapiae,

306 2537 398 2596 ⁴090.
448 2539 598 2617 Monaqae
622 2535 742 2598 liberali
764 2554 859 2598 eausa
880 2555 933 2598 aas
956 2537 1092 2616 adseres,

449 2641 545 2714 Quasi
563 2639 645 2720 filiae
670 2646 740 2699 tuae
762 2639 822 2699 stat
844 2639 961 2701 ambae.
988 2641 1155 2722 intellept's?

304 2745 410 2804 llanno
432 2743 651 2821 subreptarum
683 2741 813 2818 filiarum
844 2759 970 2803 suarum
1002 2762 1118 2804 memor
1145 2753 1176 2804 et
1205 2743 1310 2806 dolore
1338 2745 1463 2807 allectus

304 2845 485 2924 respondet:
903 2905 907 2913 ,

446 2947 587 3028 Intellepo
611 2946 718 3025 hercle,
744 2963 816 3006 nom
838 2948 909 3008 item
931 2947 1006 3007 milti
1027 2955 1138 3028 poetae
1159 2949 1241 3010 deae

447 3051 521 3111 Cum
543 3052 659 3111 natrice
682 3067 746 3109 aaa
768 3057 838 3110 suat
860 3050 1018 3130 subreptae
1038 3051 1200 3130 paruolae.
1377 3052 1457 3134 (tlt)

302 3155 436 3233 Milphio,
463 3155 515 3231 qni
540 3154 718 3213 Hannonem
741 3152 801 3213 iam
825 3151 1013 3213 adsimulare
1036 3156 1190 3232 opinatur,
1216 3165 1340 3216 contra:

445 3247 554 3337 Lepide
577 3255 675 3318 terete
691 3255 866 3316 adsimulat.
893 3256 956 3316 iam
972 3256 1003 3316 id
1015 3257 1200 3336 prittct'piam
1216 3259 1293 3319 atilli
1302 3259 1410 3339 placet.
1429 3306 1435 3317 .
1453 3307 1458 3317 .

301 3359 349 3420 Ad
371 3379 452 3438 quae
475 3361 582 3420 Hanno
605 3359 685 3420 tristi
708 3357 800 3420 uultu
822 3367 853 3418 et
876 3359 954 3419 flens
976 3358 1160 3438 respondet:

306 3463 396 3522 l095.
447 3463 500 3522 Pol
522 3464 629 3543 mopis,
656 3480 748 3542 qaam
771 3461 885 3523 uellem.
912 3497 954 3507 -

302 3566 434 3646 Milphio,
462 3568 515 3645 qui
531 3566 684 3626 tristitiam
701 3584 825 3644 quoque
842 3566 997 3626 Hannonis
1017 3565 1191 3626 simulatam
1214 3567 1457 3647 esseopinatur,

301 3671 427 3748 gauisus
450 3677 513 3731 tam
536 3667 682 3729 callidum
705 3679 736 3730 et
763 3667 889 3730 doctum
919 3668 1129 3731 simulatorem
1159 3687 1192 3728 se
1222 3670 1380 3732 inuenisse
1402 3691 1460 3730 ex-

303 3773 426 3834 elamat:

946 3894 949 3902 ⁴
997 3878 1045 3935 Ea
1067 3873 1166 3935 hercle
1186 3877 1343 3938 mortalem
1365 3885 1460 3938 mlum

445 3979 561 4038 Malam
583 3985 751 4056 uersatam,
778 3978 923 4040 callidum
948 3987 1036 4062 atque
1057 3977 1232 4040 subdolum!

449 4082 482 4140 Vt
504 4078 611 4160 adfletl
634 4083 703 4160 qais
726 4081 809 4142 illam
831 4089 947 4160 pestem
969 4081 1068 4160 saciat
1088 4079 1239 4159 facilius?

448 4184 492 4242 lle
515 4200 630 4262 potaque
653 4183 725 4243 dolis
748 4185 810 4243 iam
832 4190 956 4264 superat
977 4184 1214 4244 architectonem.
1244 4219 1282 4229 -
1379 4187 1459 4270 (⁴50)
