3126 5028
353 451 396 510 Da
419 471 623 513 rrnrrrrcrmrsv
638 473 753 514 saumis
776 455 937 515 Pmrruus.
1188 460 1229 522 85

161 620 293 700 lienique
324 622 407 700 quod
436 622 588 684 Charinus
621 633 739 703 patrem
767 624 806 686 de
834 643 868 685 se
897 625 1126 705 praedicantem
1157 630 1230 692 lacit

90 719 138 802 (us.
157 723 301 802 ol-tal,
321 743 355 785 se
376 744 538 804 nunquam
561 730 657 788 amori
672 747 774 807 neque
795 727 932 790 desidiae
948 748 1071 808 operam
1089 730 1223 813 dedisse,

86 823 133 885 sed
152 837 294 907 perpetuo
317 830 381 888 ruri
404 829 586 891 humillimis
606 830 766 893 laboiibus
782 840 965 909 occupatum
982 830 1104 911 degisse
1125 855 1227 916 neque

84 947 204 1007 unquam
226 931 259 990 iu
282 929 392 992 urbem
415 933 541 994 uenisse
563 935 622 994 nisi
644 935 883 1012 Panathenaeis,
915 934 947 996 id
977 947 1081 1014 aperte
1111 948 1227 1018 pugnat

84 1051 144 1092 cum
165 1033 265 1094 fabula
290 1034 356 1112 ipsa
380 1053 416 1095 ac
437 1038 604 1115 praecipue
627 1057 697 1097 cum
721 1057 770 1098 us.
797 1039 982 1100 aot-265:

195 1133 307 1196 Amdui
327 1137 463 1218 equidem
486 1138 585 1200 hercle
608 1159 660 1221 opo
684 1139 752 1199 olim
774 1141 806 1199 io
829 1139 1041 1217 odolescclolio,

201 1241 307 1298 Verum
330 1240 371 1301 dd
391 1241 447 1302 ltoc
469 1243 643 1323 eoecmplum
666 1241 829 1323 ocimqaom
850 1248 883 1301 ul
903 1261 984 1304 leuno
1006 1245 1134 1305 iosom'o.

81 1349 107 1399 et
125 1360 170 1402 us.
195 1341 274 1401 tle:
385 1327 389 1333 ’
959 1337 962 1342 “

197 1442 360 1506 Gerttimst:
387 1447 511 1527 antiquo
535 1447 667 1507 recolam
689 1455 717 1507 el
737 1446 856 1507 smtrlbd
878 1445 960 1507 mili.

153 1544 198 1606 An
227 1547 409 1628 putabimus
437 1558 556 1626 patrem
586 1549 648 1609 filio
675 1548 833 1628 mendacia
863 1547 1003 1610 dixisset
1042 1551 1105 1611 lam
1134 1553 1226 1630 igitur

77 1647 147 1709 a'ude
175 1669 315 1730 magnam
344 1651 424 1711 hanc
455 1652 577 1712 Charini
608 1653 831 1730 expositionem
864 1671 881 1711 a
912 1653 1068 1712 Sassinate
1102 1673 1224 1715 mecum

77 1750 259 1824 abiudicare3
288 1772 359 1814 uam
383 1752 468 1833 quod
489 1754 635 1814 Dziatzlto
663 1753 796 1834 profert,
830 1763 865 1816 ut
893 1756 1078 1816 contrarium
1101 1757 1220 1834 probet,

77 1853 231 1933 refelletur,
265 1856 357 1918 simul
387 1865 482 1935 atque
504 1856 543 1918 de
566 1875 614 1918 us
642 1859 767 1918 lt-oo
798 1856 916 1918 dictum
939 1859 1012 1918 erit:
1043 1856 1082 1918 de
1109 1859 1225 1936 quibus

77 1958 120 2016 uix
144 1977 219 2037 opus
242 1968 347 2020 estut
369 1960 543 2022 accuratius
566 1958 754 2038 disseratur,
781 1961 896 2039 quippe
919 1961 971 2039 qui
995 1962 1062 2020 sine
1084 1979 1224 2042 sequen-

76 2057 149 2121 tibus
177 2060 323 2122 uersibus
352 2061 472 2122 nnllum
504 2065 627 2123 omnino
656 2081 782 2124 sensum
812 2063 991 2143 praebeant.
1039 2063 1225 2127 Omittamus

74 2163 158 2237 igitur
179 2183 225 2242 ea,
252 2182 332 2242 quac
355 2164 500 2224 Daiatzlm
522 2166 589 2244 ipse
612 2166 643 2224 in
666 2167 704 2226 iis
728 2167 894 2244 uituperet,
921 2168 996 2234 satis
1012 2168 1071 2228 cn't
1085 2187 1225 2228 comme-

75 2283 201 2327 morasse
223 2285 296 2328 cum
319 2268 386 2327 sine
409 2267 483 2327 ullis
506 2267 661 2346 scrupulis
684 2269 857 2329 Plautinum
886 2288 956 2330 esse
985 2269 1062 2329 nihil
1090 2279 1225 2332 statuere

73 2369 124 2427 nisi
146 2378 291 2449 quattuor
313 2388 425 2430 uersus
448 2372 487 2430 lt
511 2378 542 2430 et
557 2370 695 2430 52-54.
737 2373 814 2432 Cum
831 2389 905 2431 uero
921 2391 980 2431 non
997 2370 1129 2450 dubitet,
1148 2375 1225 2451 quin

72 2471 170 2532 similis
186 2472 312 2532 Charini
326 2474 460 2533 narratio
482 2474 514 2533 in
529 2491 604 2533 uero
619 2473 742 2552 prologo
757 2473 891 2551 infuerit,
911 2491 978 2532 cam
994 2483 1099 2534 autem
1118 2484 1223 2553 postea

72 2572 198 2634 relictam
229 2574 431 2654 singulosque
460 2573 533 2635 inde
561 2593 672 2636 uersus
702 2577 733 2635 in
757 2584 896 2636 nostrum
926 2575 1084 2654 prologum
1116 2585 1224 2638 trans-

70 2674 139 2736 latos
166 2695 236 2737 esse
265 2686 369 2756 putet,
401 2677 513 2737 mirum
543 2687 624 2738 certe
652 2687 751 2755 essct,
778 2679 803 2737 si
834 2677 903 2738 talis
932 2679 1066 2739 narratio
1094 2679 1134 2739 ab
1157 2681 1224 2759 ipso

71 2776 165 2838 Plauto
188 2779 259 2839 licta
284 2798 345 2840 non
375 2788 436 2840 tota
466 2781 498 2840 in
528 2790 668 2841 nostrum
696 2780 856 2860 prologum
885 2789 1006 2859 recepta
1036 2789 1135 2857 esset,
1169 2783 1224 2842 uix

70 2882 142 2940 enim
165 2884 216 2944 uir
237 2882 348 2946 doctus
370 2881 549 2960 contendet,
576 2901 644 2944 eam
667 2885 705 2944 iis
729 2883 835 2960 nugis,
862 2899 940 2959 quas
963 2900 1046 2942 nunc
1067 2885 1135 2944 eins
1159 2884 1224 2946 loco

70 2981 198 3064 legimus,
226 2986 321 3047 etiam
338 2983 519 3045 deteriorem
543 2984 640 3046 luisse
656 2985 706 3047 uel
722 3004 738 3046 a
754 2984 869 3064 populo
883 2983 1020 3044 habitam
1036 3003 1122 3061 esse;
1146 2985 1224 3048 illud

70 3095 175 3165 poetae,
201 3090 261 3150 laoc
283 3086 397 3166 populo
414 3089 549 3148 Romano
572 3089 654 3149 iusto
675 3087 747 3168 plus
770 3085 954 3148 maledicere
977 3097 1033 3147 est.
1067 3087 1129 3149 Sed
1144 3101 1224 3150 exa*

72 3188 180 3251 minare
203 3190 293 3269 libet,
319 3209 395 3252 num
419 3190 564 3251 Daiatzlm
587 3190 645 3251 hoc
659 3209 715 3250 suo
738 3191 804 3251 inre
820 3189 1021 3250 contenderit.
1062 3192 1101 3253 Et
1117 3192 1225 3253 nititur

70 3291 199 3368 inprimis
223 3313 276 3355 us
303 3293 365 3352 355
388 3301 419 3352 et
441 3290 515 3352 357.
541 3293 622 3352 358:

186 3397 258 3458 Scio
281 3413 389 3456 saeuos
411 3397 499 3475 qlaedm
522 3396 571 3469 sil,
598 3395 682 3456 domo'
705 3394 806 3456 doctus
828 3394 893 3456 dico
905 3395 940 3474 ¹).

133 3507 163 3558 et
184 3501 253 3558 lom
278 3498 347 3559 ltiac
369 3498 437 3558 olim
458 3517 504 3558 mc
528 3498 657 3560 inultum
679 3497 763 3558 domo
787 3498 919 3558 extrusit
941 3498 979 3558 db
1001 3515 1042 3574 sc,

186 3602 360 3662 Marcellum
384 3601 429 3662 irc
451 3599 547 3662 icissit.

67 3701 171 3778 quibus
194 3701 382 3765 adulescens
411 3711 523 3764 sortem
552 3720 641 3762 suam
671 3700 819 3780 deplorat.
861 3702 924 3763 Sed
952 3711 988 3762 ut
1016 3700 1128 3779 largiar
1157 3701 1225 3760 uiro

67 3799 147 3865 docto
162 3806 313 3867 iuuenem
329 3807 389 3866 iam
409 3806 481 3866 olim
503 3813 622 3884 patrem
638 3813 742 3865 contra
758 3823 893 3865 amorem
917 3822 1010 3866 suum
1034 3803 1224 3864 saeuientem

67 3905 185 3984 uidisse,
211 3917 319 3969 tamen
337 3907 504 3969 concedere
521 3925 641 3986 nequeo
655 3907 688 3967 in
710 3908 834 3985 prologo
856 3906 894 3968 de
918 3927 955 3967 eo
976 3923 1078 3967 amore
1100 3924 1223 3967 sermo—

66 4025 128 4068 nem
139 4011 249 4089 luisse,
267 4011 359 4072 cuius
371 4011 416 4070 rei
428 4030 468 4071 ne
479 4011 641 4070 minimum
655 4008 783 4088 quidem
795 4010 960 4089 uestigium
971 4010 1004 4070 in
1016 4008 1064 4069 his
1075 4008 1223 4071 uersibus

127 4235 148 4297 t)
170 4235 227 4285 dico
244 4245 298 4300 pro
316 4234 398 4296 ἐρίων
415 4233 530 4282 coniecit
547 4231 724 4283 studemund.
