3116 5020
285 359 347 422 250
709 365 864 424 tortines
887 365 1012 424 Brenn.

349 541 408 596 ttil.
436 544 474 597 944
502 538 548 612 (ll,
578 546 605 609 4,
637 539 684 613 lt)
780 536 815 596 ld
841 541 909 597 eolo
938 556 991 597 aot
1021 541 1112 609 seire,
1144 541 1292 612 quomodo
1315 542 1354 598 ael
1376 541 1453 598 torro

884 644 1063 700 deuenerim.
1168 643 1170 647 ’

286 746 325 800 ΡΙ.
351 746 440 803 Stich.
470 750 527 804 449
557 739 615 824 (Ill,
647 751 673 814 4,
703 739 749 822 48)
777 746 847 815 Ere,
879 749 906 804 si
933 763 983 819 090
1013 755 1121 803 4000004
1149 764 1199 804 sea
1230 750 1348 820 loquor,
1387 749 1451 806 saio

888 851 1020 918 scirem,

781 952 874 1022 Quem
888 954 990 1012 maltos
1005 961 1094 1010 teram
1104 957 1233 1011 miserias
1244 957 1449 1012 muleeuerim.

354 1053 459 1126 Amph.
485 1057 559 1127 prol.
589 1061 646 1114 494
671 1058 745 1115 Nam
769 1074 819 1129 eoo
842 1073 894 1112 aas
917 1057 1034 1112 nouisse
1057 1058 1231 1125 aretatem,
1256 1064 1288 1116 ut
1309 1061 1347 1116 sit
1368 1075 1453 1116 mear

863 1167 957 1232 pater,

674 1262 769 1332 Quam,
790 1262 858 1320 liber
880 1262 982 1318 laram
1004 1280 1097 1320 reram
1120 1272 1146 1322 et
1166 1265 1320 1320 maltorum
1340 1265 1407 1330 siet,

678 1366 858 1440 Qaaataeqae
880 1373 1002 1422 amator.

286 1467 351 1522 Ter.
370 1469 444 1524 Eun.
474 1473 533 1527 939
562 1464 605 1547 (V,
622 1469 662 1540 “4,
691 1471 719 1544 8)
780 1477 849 1543 polo
876 1470 1051 1540 palmarium
1079 1467 1122 1524 lie
1156 1470 1333 1540 repperisse,
1371 1485 1455 1541 quo-

870 1572 956 1628 modo
978 1571 1205 1628 adulescentulas

776 1675 954 1731 Meretricum
976 1676 1092 1747 4094040
1114 1684 1140 1732 04
1153 1691 1244 1732 roaros
1259 1680 1359 1746 posset
1377 1693 1453 1733 ooo-

865 1795 933 1835 oere.

286 1883 325 1936 Pl.
352 1883 455 1937 Pseud.
485 1885 544 1939 684
573 1875 618 1958 (ll,
647 1889 676 1951 3,
706 1880 754 1955 49)
786 1885 879 1956 quasi,
898 1881 968 1953 quid
983 1883 1014 1936 ia
1024 1897 1083 1936 rem
1098 1882 1145 1950 sit,
1160 1882 1301 1954 patrimae
1313 1895 1452 1936 noscere.

285 1982 418 2042 tiranius
442 1985 537 2057 (Ribb.
564 1988 644 2043 Com.
671 2003 701 2058 p.
731 1989 801 2054 479,
830 1980 900 2061 479)
932 1985 1168 2057 l'tsoirepoeeie,
1195 1984 1292 2055 atquo
1310 1991 1336 2040 te
1358 1999 1456 2054 expe-

871 2089 929 2145 diat
953 2089 1041 2160 loqui.

289 2191 329 2244 Pl.
356 2191 438 2262 Capt.
467 2195 525 2248 383
556 2190 601 2264 (tl,
629 2199 658 2263 2,
687 2191 737 2266 33)
784 2193 865 2249 Naar
893 2192 1009 2248 uiuatne
1043 2205 1145 2259 reone,
1184 2189 1215 2246 id
1243 2189 1346 2246 Oreum
1376 2191 1456 2245 seire

872 2301 981 2368 oportet
1002 2294 1117 2350 seilicet.

352 2398 419 2454 Cist.
446 2399 507 2468 llll,
535 2402 565 2468 2,
594 2403 627 2455 54
656 2399 736 2456 Hono
758 2401 832 2456 scire
855 2405 980 2472 oportet,
1011 2397 1072 2469 filio
1095 2403 1144 2454 mo
1167 2395 1286 2466 ubisit,
1313 2398 1400 2468 tiana
1425 2405 1457 2452 at

870 2502 947 2557 dicit.

289 2604 355 2660 Ter.
381 2605 456 2660 Eun.
483 2607 542 2662 998
573 2598 616 2680 (V,
645 2607 673 2674 4,
704 2599 751 2682 46)
785 2604 878 2674 Quem
899 2603 1062 2660 inhonestae
1087 2603 1165 2660 totae
1192 2604 1265 2671 sint,
1302 2601 1455 2670 ...Quo

867 2712 951 2778 paeto
971 2749 976 2761 .
999 2749 1006 2760 .
1028 2722 1156 2778 ,ponem
1178 2713 1272 2762 atram
1295 2710 1414 2772 uorent,

780 2811 896 2866 Nosse.
920 2852 926 2865 .
946 2852 952 2865 .
970 2810 1048 2866 eolat
1070 2815 1111 2867 est
1133 2809 1355 2866 adolescentule.

347 2914 449 2969 Heaut.
477 2916 538 2971 279
565 2913 612 2983 (ll,
640 2917 670 2981 3,
698 2913 748 2987 38)
781 2913 835 2969 Hie
867 2914 934 2969 soiri
964 2914 1075 2985 potar't,
1111 2919 1162 2969 aat
1193 2927 1333 2984 amquam
1367 2909 1452 2975 alibi,

870 3015 974 3081 alento,

782 3117 845 3187 Quo
867 3118 960 3174 stadio
984 3120 1075 3176 uitam
1095 3133 1179 3175 raom
1200 3124 1226 3174 te
1248 3115 1362 3174 absente
1379 3133 1457 3174 exe-

868 3223 952 3292 gerit.

371 3324 460 3382 Andr.
489 3331 548 3384 999
579 3321 621 3402 (V,
650 3330 678 3393 4,
708 3324 756 3398 49)
783 3326 857 3382 Nam
887 3341 953 3395 eoo,
986 3341 1060 3397 quoe
1089 3325 1168 3395 dieo,
1210 3342 1280 3382 aera
1307 3340 1342 3379 an
1373 3325 1457 3397 falso

868 3428 1019 3497 audierim,
1045 3431 1104 3484 iam
1125 3429 1192 3484 seiri
1211 3435 1314 3500 potest.

372 3533 440 3588 lleo.
470 3534 528 3588 573
558 3525 627 3610 (llll,
661 3533 686 3605 4,
705 3525 752 3608 58)
781 3533 877 3605 Neqae
899 3533 1052 3588 detractam
1075 3532 1101 3588 ei
1129 3538 1169 3587 eet
1198 3533 1367 3604 quiequam,
1401 3535 1458 3605 qai

864 3642 934 3708 post
952 3637 1043 3708 poerit
1064 3635 1155 3704 nosci,
1181 3635 1232 3705 qui
1253 3636 1317 3691 siet.

285 3737 365 3793 Publ.
392 3738 482 3811 Syrus
508 3742 564 3794 499
590 3739 750 3795 Paucorum
774 3746 814 3794 est
835 3739 1010 3810 intellegere,
1037 3737 1107 3810 quid
1129 3738 1218 3794 donet
1240 3738 1308 3794 diet.

283 3842 351 3897 Cato
375 3841 412 3898 de
435 3859 459 3896 r.
485 3859 510 3896 r.
538 3858 668 3912 prooem.
697 3846 707 3895 4
737 3840 850 3910 Quanto
870 3843 992 3916 peiorem
1022 3844 1111 3898 oiaem
1139 3842 1325 3898 existimarint
1345 3843 1458 3916 soene-

446 3945 448 3950 '
700 3952 840 4014 retorem,
866 3962 951 4018 qaam
972 3946 1078 4018 sarem,
1105 3944 1169 4001 4400
1193 3946 1257 4002 lieet
1278 3945 1453 4004 existimari.

287 4047 411 4109 Lucilius
437 4043 525 4117 (Gerl.
552 4063 581 4124 p.
610 4050 661 4118 79,
691 4046 717 4119 4)
744 4049 833 4106 Virtas
857 4050 930 4105 seire
953 4049 1060 4104 homini
1081 4055 1197 4116 reolum,
1222 4049 1302 4117 attle,
1321 4048 1392 4121 quid
1415 4050 1459 4106 sit

869 4153 1024 4213 tonorum.
