3116 5020
281 410 346 474 292
711 412 865 474 Enrarnrs
888 411 1011 474 Beonan.

279 588 344 642 Ter.
364 587 438 642 Eun.
468 590 526 643 670
555 586 626 658 (llll,
655 593 683 656 t,
712 583 740 662 3)
804 587 874 644 illud
892 587 970 654 uide,
988 605 1020 644 oe
1036 596 1067 644 ut
1083 587 1132 644 tilii
1146 588 1272 643 distorsit
1288 585 1441 658 caroasco.

363 688 486 758 Adelph.
506 694 565 750 ηδ
595 683 639 765 (ti,
668 696 697 758 2,
724 689 774 762 ἑο)
803 690 963 748 Oscelera:
988 691 1057 746 illud
1070 685 1089 767 1)
1110 691 1187 758 uide,
1213 691 1372 764 Vtinipeo
1393 705 1445 743 or-

898 795 984 850 ticnlo
1007 795 1163 864 oppressit.

278 895 319 950 Pl.
346 895 449 951 Pseud.
481 899 540 951 954
569 895 638 964 (ΗΠ,
669 901 697 963 t,
726 889 775 972 65)
810 925 853 936 -·
875 897 1090 964 lllucslruide,
1117 897 1359 961 Vltranraarsar,
1383 909 1443 947 non

894 1015 1049 1071 mannans
1086 999 1181 1065 cedit,
1222 1000 1304 1070 qnasi
1339 1010 1444 1051 cancer

895 1090 1007 1174 κοῖαι.)

364 1199 402 1259 Vt
424 1199 455 1259 in
478 1197 526 1258 his
548 1197 700 1276 exemplis
722 1197 785 1276 loc,
812 1199 881 1259 illac
902 1201 1082 1280 prenomine
1105 1199 1248 1260 neutrius
1262 1193 1384 1274 generis
1401 1193 1442 1252 ita

279 1302 311 1359 in
334 1299 402 1360 aliis
426 1300 585 1360 nominum
616 1300 666 1360 uel
697 1302 913 1379 pronominum
940 1303 1107 1364 accusatiui
1135 1300 1175 1361 ad
1202 1298 1272 1360 uidc
1299 1299 1444 1376 impera·

279 1403 379 1463 tiuum
403 1400 499 1464 additi
523 1411 614 1479 sunt,
647 1401 687 1463 de
714 1403 832 1481 quihus
854 1405 1039 1466 accusatiuis
1061 1403 1138 1482 quid
1160 1399 1362 1465 iudicandum
1387 1398 1439 1473 sit,

278 1522 373 1582 supra
395 1523 465 1583 pag.
492 1504 552 1566 tri
578 1507 793 1583 exposuimus

279 1612 344 1666 Ter.
364 1610 479 1666 Phorm.
508 1617 567 1669 986
597 1613 639 1682 (v,
667 1617 696 1682 8,
724 1606 773 1689 93)
805 1615 941 1682 inpurum
965 1614 1042 1681 uide,
1067 1613 1211 1682 Quantum
1235 1610 1323 1666 ualet.

279 1713 410 1768 Pl.-Cas.
437 1715 469 1782 ll,
501 1719 529 1782 3,
557 1719 595 1771 30
624 1709 706 1789 (rat)
804 1715 871 1771 nido
894 1715 1050 1786 palliolum,
1078 1723 1107 1772 ul
1131 1720 1224 1785 rugat.

342 1817 430 1870 Merc.
460 1821 514 1872 88)
548 1811 590 1892 (V,
618 1822 647 1884 2,
675 1812 723 1892 39)
806 1817 933 1884 Caelum,
952 1825 984 1874 ut
997 1825 1043 1874 est
1057 1818 1205 1890 splendore
1224 1817 1350 1888 plenam,
1371 1811 1441 1866 uide

897 1922 947 1976 sis.

343 2022 447 2076 Pseud.
477 2024 536 2077 458
565 2016 597 2096 (1,
626 2027 653 2089 ὃ,
684 2016 731 2098 tr)
807 2023 916 2078 Statum
939 2023 1006 2077 uide
1024 2022 1158 2089 nominis,
1184 2019 1327 2092 Callipho,
1349 2032 1441 2087 quam

896 2125 1050 2181 basilicnst.
1063 2121 1084 2194 3)

343 2226 431 2280 illast·
454 2230 512 2282 855
542 2219 599 2300 (lli,
627 2233 656 2294 2,
688 2222 756 2303 168)
808 2228 882 2294 Qnin
916 2236 945 2283 tn
978 2220 1084 2303 iliani)
1119 2227 1232 2295 aspice,
1269 2230 1301 2278 ut
1328 2221 1442 2294 placide

895 2328 1027 2385 accubat.

342 2427 447 2498 Amph.
477 2433 536 2486 507
565 2423 595 2506 (l,
625 2435 656 2498 3,
684 2430 712 2502 a)
808 2429 999 2487 Obseruatote
1016 2418 1126 2510 (eum),
1146 2444 1233 2498 quam
1250 2427 1442 2494 blandcsup-

895 2535 1028 2604 palpatur
1050 2533 1170 2588 mulieri.
1183 2528 1204 2601 5)

280 2611 485 2621 -φ--οιω-

277 2645 339 2730 illac
356 2683 397 2729 sir.
419 2681 486 2740 aide,
512 2681 541 2731 Vt
559 2683 660 2742 incedit,
676 2685 702 2730 et
714 2681 831 2731 Goeller:
855 2681 919 2732 illac
931 2683 1069 2745 repredere
1086 2679 1117 2730 ab
1130 2683 1200 2740 ostio,
1222 2679 1299 2729 illac:
1313 2680 1357 2736 ris,
1370 2678 1441 2736 aide,

277 2771 306 2816 at
324 2767 425 2816 Incedit.
467 2765 533 2815 Eam
552 2780 633 2830 quam
652 2767 730 2831 posui
750 2768 992 2830 interpunctionem
1012 2769 1040 2816 0.
1062 2765 1173 2830 Seyffert
1193 2763 1314 2814 defendit
1332 2765 1358 2811 in
1378 2761 1443 2810 Phi·

280 2850 323 2899 lol.
346 2851 449 2912 xxvii,
471 2865 496 2914 p.
519 2854 577 2902 tan.

348 2938 370 2998 t)
392 2936 454 2986 illac
472 2935 583 2994 Bauer,
604 2938 669 2987 illud
687 2938 782 3002 reliqui
801 2951 863 2987 cum
881 2939 910 2988 Α.

346 3021 371 3081 t)
393 3022 436 3069 Sic
455 3020 509 3070 lere
528 3021 572 3070 hic
590 3035 686 3072 uersus
705 3021 828 3072 laudatur
845 3037 859 3071 a
874 3023 990 3072 Varrone
1009 3022 1042 3070 de
1060 3020 1078 3069 Ι.
1094 3017 1110 3069 Ι.
1131 3020 1183 3076 Vll,
1206 3021 1233 3066 8l
1260 3020 1294 3081 (p.
1311 3017 1441 3082 totspl.

278 3105 328 3154 Pro
346 3119 400 3169 quo
418 3119 582 3170 quamquam
596 3107 655 3156 libri
670 3108 782 3158 Plautini
797 3108 927 3171 praebent
941 3109 1003 3158 illac
1014 3109 1049 3156 sir
1061 3107 1134 3155 aide:
1155 3105 1214 3154 Nan
1222 3116 1334 3166 proruas
1346 3116 1445 3153 acram

277 3203 312 3238 aar
329 3196 479 3241 transuerso
503 3193 567 3242 cedit
584 3197 657 3256 quari
681 3207 775 3242 cancor
792 3195 868 3252 solet,
893 3193 966 3243 unde
986 3191 1082 3241 llitschl
1108 3191 1224 3238 coniecit
1241 3189 1298 3238 Non
1320 3203 1441 3250 proruas,

276 3288 369 3326 aeram
387 3281 552 3326 transuersus
570 3280 635 3328 cedit
652 3283 716 3342 etc,
731 3281 820 3328 tamen
839 3280 912 3328 hune
931 3290 1041 3328 uersum
1061 3277 1086 3324 in
1106 3276 1256 3339 priscorum
1275 3277 1443 3339 scriptorum
1483 3339 1490 3344 .

278 3375 402 3411 sermone
422 3363 581 3426 inquirendo
600 3363 703 3412 laudari
723 3378 800 3428 posse
819 3363 963 3414 arbitratus
981 3376 1054 3422 sum,
1082 3361 1207 3426 queoruis
1232 3360 1278 3408 uix
1297 3359 1444 3408 diiudicari

279 3449 371 3510 possit,
393 3451 482 3496 ulrum
503 3447 611 3498 l‘lauius
630 3463 691 3498 eum
711 3449 791 3498 talem
811 3451 962 3513 scripserit,
987 3448 1093 3513 qualem
1113 3447 1196 3496 Varro
1215 3445 1321 3503 laudat,
1344 3457 1441 3494 tirone.

348 3535 371 3594 3)
392 3533 522 3584 basilicari
538 3536 633 3600 scripsi
653 3535 686 3584 do
704 3537 857 3584 coniectura
882 3549 931 3600 pro
950 3533 1096 3592 basilicam,
1121 3531 1193 3595 quod
1219 3533 1246 3579 et
1271 3531 1337 3579 ind
1363 3533 1389 3578 et
1417 3532 1443 3577 io

278 3617 404 3666 Palatinis
422 3621 504 3668 extat.

345 3705 370 3760 tt
391 3705 464 3754 illam
482 3704 555 3766 BCD,
575 3705 658 3756 illas
681 3705 719 3766 (ut
736 3707 863 3764 uidetur).

346 3792 369 3847 5)
392 3789 427 3837 ita
448 3788 521 3838 hunc
540 3804 649 3839 uersum
669 3791 785 3841 ducibus
802 3806 835 3842 en
848 3795 922 3855 parte
936 3791 1039 3840 Donato
1057 3793 1084 3838 et
1102 3789 1197 3838 Seruio
1216 3787 1335 3836 restiluit-
1348 3786 1445 3835 Fleck-

276 3874 350 3922 eisen
369 3874 447 3936 epist.
469 3875 560 3924 critica
579 3889 606 3940 p.
627 3875 715 3926 XVlll.
743 3878 771 3926 ln
791 3877 866 3926 libris
885 3876 1013 3925 Plautinis
1035 3874 1094 3938 (BD)
1117 3886 1169 3922 non
1189 3860 1298 3936 ineptus
1316 3875 1445 3936 septena-

276 3957 333 4005 rius
352 3958 411 4006 talis
428 3959 542 4008 traditus
559 3963 614 4008 est:
644 3961 819 4022 Oltrernatate,
847 3957 927 4026 (laic)
950 3973 1029 4023 qaam
1048 3959 1138 4008 blande
1155 3959 1262 4008 mulieri
1278 3957 1442 4020 palpabitur.

276 4055 338 4090 nem
362 4043 421 4092 laic
444 4042 556 4094 fortasse
580 4047 668 4108 aptius
693 4048 794 4095 inseras
819 4058 899 4109 quam
929 4058 1003 4104 enm,
1031 4057 1095 4094 sane
1122 4043 1241 4094 futurum
1275 4043 1444 4106 (palpabitur)

276 4139 370 4175 eorum
391 4141 517 4178 uersuum
538 4129 713 4179 similitudine
732 4130 838 4180 delendi
858 4133 956 4194 possit,
983 4129 1134 4195 dequibus
1154 4130 1179 4178 in
1199 4130 1333 4192 proximis
1352 4132 1448 4191 agetur

279 4212 378 4272 (Persi
403 4216 442 4271 at,
465 4214 532 4264 Men.
556 4219 614 4274 tre,
636 4215 732 4279 Amph.
755 4220 824 4278 36⁰).
