3086 5024
283 413 326 471 Dr
349 413 475 472 Srnrixr
499 415 779 474 lureurooirrouru
802 413 1006 484 Oueroueis.
1176 413 1237 474 217

80 587 117 640 Pl.
140 588 227 643 Pcen.
255 591 303 657 ill,
331 593 360 656 3,
389 593 426 645 36
456 589 540 662 (640)
596 591 746 646 Nescimus
768 608 821 647 noe
845 591 955 662 quidem
977 593 1072 658 letum,
1098 592 1149 662 qui
1171 591 1234 646 siet.

138 687 242 760 Amph.
273 695 331 748 844
362 691 406 762 (44,
434 697 463 760 2,
493 690 563 764 244)
596 693 737 750 Delenitus
759 709 822 748 eum
842 695 970 767 profecto
994 693 1046 762 lto,
1070 702 1101 749 ut
1115 710 1168 759 me,
1188 695 1238 764 qui

660 797 724 862 sim,
751 797 887 852 nesciam.

50 933 56 942 ·
138 897 242 952 Pseud.
262 900 341 956 4242
362 891 432 974 (illl,
446 901 477 967 7,
497 893 566 975 444)
594 901 695 971 Neque
718 901 801 956 utum
824 899 1011 978 Pseudolum,
1037 898 1165 954 mortalis
1188 900 1237 969 qui

660 1003 704 1071 sit,
732 1004 800 1058 noui
823 1017 919 1071 neque
942 1001 1011 1056 scio.

137 1104 214 1159 Men.
244 1109 298 1160 304
334 1097 377 1178 (tl,
406 1107 435 1172 2,
463 1103 512 1176 27)
595 1106 689 1178 Neque
712 1105 802 1160 terete
824 1119 873 1176 eqo
897 1104 984 1160 labeo
1007 1118 1102 1173 neque
1126 1111 1159 1172 te,
1187 1105 1237 1173 qui

660 1207 743 1264 loma
766 1209 816 1276 sis
842 1208 911 1262 seio.
927 1201 947 1276 1)

137 1310 195 1364 Nil.
225 1312 284 1366 tes
315 1300 494 1385 (11‚e‚t2)
597 1326 777 1380 ...neque
806 1326 873 1376 uec,
912 1310 963 1379 qui
999 1309 1060 1364 sitis
1097 1308 1232 1374 nominee,

654 1413 723 1469 noui
745 1429 841 1483 neque
863 1413 957 1498 scio..

137 1514 223 1584 Epid.
252 1515 312 1583 1111,
342 1518 370 1584 2,
400 1521 415 1571 6
445 1508 526 1591 (564)
597 1513 671 1582 Oula
694 1532 743 1587 eqo
760 1516 843 1584 lanc,
863 1531 937 1586 quae
960 1515 1030 1580 siet,
1055 1514 1155 1584 Neque
1178 1514 1236 1568 seio

660 1633 756 1689 neque
778 1619 858 1675 noui.

74 1719 136 1773 Ter.
163 1719 282 1775 Phorm.
312 1723 370 1777 355
400 1713 445 1796 (11,
474 1725 501 1789 3,
532 1715 559 1797 8)
594 1720 695 1790 Neque
718 1722 778 1776 eius
798 1729 908 1794 putrent
930 1737 960 1776 ee
981 1721 1071 1788 scire,
1099 1721 1149 1789 qui
1171 1719 1237 1774 iue-

655 1823 713 1877 ritt
728 1816 741 1902 Ι)
756 1825 855 1895 Neqot.

592 1920 602 1996 l
618 1916 630 2002 Ι)
646 1926 705 1981 Nec
717 1925 874 2002 Stilponem
887 1928 980 1999 ipsunt
995 1926 1079 1993 scire,
1105 1927 1155 1996 qui
1171 1925 1237 1980 iue-

658 2029 714 2082 rit‘l
730 2020 742 2107 ΙΙ
758 2025 872 2102 Neque]

133 2133 214 2185 Trin.
246 2133 321 2186 4444
356 2128 398 2200 (V,
427 2134 456 2196 8,
487 2123 533 2204 tt)
595 2129 682 2196 Quem
705 2147 835 2204 eyonec,
862 2131 927 2202 quis
950 2137 1163 2212 essetbnoram
1185 2147 1236 2186 ue-

658 2250 711 2304 que
733 2251 855 2307 usquam
878 2235 1014 2306 eonspeal
1032 2234 1125 2306 prius.

70 2336 134 2391 Ter.
162 2333 254 2390 Andr.
284 2338 342 2390 503
373 2329 431 2409 (444,
460 2339 488 2404 2,
520 2329 568 2412 23)
594 2337 657 2391 Non
687 2337 756 2392 satis
784 2352 829 2390 me
854 2336 983 2406 pernosti
1012 2337 1113 2404 ettam,
1145 2337 1237 2407 qualis
1292 2351 1301 2364 ¹

657 2439 722 2508 sim,
750 2437 843 2494 Simo.

72 2542 110 2595 Pl.
137 2539 206 2597 Aut.
234 2543 295 2597 770
325 2535 394 2616 (1111,
424 2546 473 2608 40,
498 2537 550 2612 tt)
594 2539 627 2596 St
649 2558 693 2597 me
715 2541 820 2598 nouisti
842 2543 948 2609 minue,
983 2541 1085 2597 Genese
1112 2541 1161 2611 qui
1184 2541 1237 2596 siin

656 2651 770 2714 enatus.

133 2746 222 2818 Epid.
252 2746 311 2801 565
342 2737 412 2820 (1111,
440 2748 477 2826 2,
501 2739 548 2822 40)
593 2739 672 2817 Nego
695 2764 755 2803 eom
777 2763 821 2801 me
843 2747 971 2814 nouisse,
997 2746 1140 2816 quaesit.

130 2848 215 2904 Asin.
244 2849 304 2903 347
333 2840 377 2922 (44,
406 2852 433 2916 2,
464 2843 513 2924 80)
591 2848 637 2906 tn
657 2865 687 2904 se
709 2847 743 2904 ob
759 2851 855 2904 asinoe
869 2851 944 2922 serre
959 2854 1105 2920 arqentune
1121 2850 1238 2904 atriensi

657 2949 793 3017 Saureae,

593 3053 698 3124 Viqinti
718 3054 829 3108 minae:
854 3053 905 3108 sed
925 3069 1033 3109 seeum
1049 3069 1106 3110 non
1121 3055 1237 3110 nouisse

657 3154 807 3224 nominem,
835 3156 885 3227 qui
907 3157 971 3211 siet.

152 3252 275 3326 Quodsi
297 3261 426 3331 apparet
448 3251 565 3332 priseos
589 3253 753 3329 scriptores
775 3254 806 3313 in
829 3253 878 3314 his
894 3253 1182 3334 interrogationibus
1198 3272 1237 3313 ex

62 3339 228 3420 nesciendi
257 3353 356 3417 uerbo
385 3352 596 3432 pendentibus
625 3356 856 3418 coniunctiuurn
889 3375 1005 3436 ponere
1028 3355 1132 3417 solitos
1154 3374 1232 3434 esse,

63 3462 95 3520 in
122 3457 288 3521 nonnullis
311 3456 461 3535 exemplis
484 3467 538 3518 eut
559 3459 775 3521 coniunctiuus
798 3459 1009 3521 restituendus
1037 3468 1091 3519 eut
1112 3457 1237 3518 indice-

64 3565 154 3625 tiuus
180 3559 271 3622 aliter
292 3558 491 3621 excusandus
513 3555 575 3621 est:

152 3662 258 3744 Atque
287 3663 504 3725 coniunctiuus
539 3676 624 3723 cum
656 3663 778 3725 libris
808 3660 1017 3726 restituendus
1040 3663 1098 3723 erit
1126 3663 1157 3722 in
1189 3663 1237 3724 his

60 3767 234 3849 exemplis:

111 3876 139 3947 t)
170 3875 211 3930 Pl.
240 3874 313 3930 liud.
343 3876 424 3931 4040
453 3869 523 3953 (1111,
552 3880 581 3943 3,
612 3867 680 3949 404)
708 3876 752 3945 Ne
778 3877 829 3932 iste
858 3875 916 3930 hau
938 3875 1001 3942 scil,
1028 3889 1116 3944 quem
1138 3873 1238 3930 conell-

669 3979 782 4034 eicnem
805 3976 915 4033 tetulit:
942 3976 987 4033 llo
1011 3976 1049 4032 od
1072 3976 1234 4045 arbitrum„

59 4091 275 4105 ———-

135 4196 158 4258 t)
185 4194 248 4257 QVI
261 4192 291 4254 A,
312 4195 370 4257 quis
386 4193 494 4257 reliqui.
