3126 5028
356 412 398 470 Du
420 430 615 472 nnrulcrlrrs
639 431 755 472 rnorem
777 413 939 474 Ptnvruus.
1188 409 1228 471 89

119 583 155 641 60
202 581 288 656 Quod
309 583 368 642 nisi
389 582 524 663 puderet,
551 585 589 643 ae
612 581 724 644 luderet
746 584 860 644 uiuere.
1166 582 1206 639 56

118 684 154 743 50
200 682 346 762 tlbndcre,
372 685 509 765 nepitnre
530 685 605 746 ddeo
627 703 673 746 nte
695 682 798 746 nntdm
823 703 920 764 sarem,
1167 686 1206 743 60

117 788 150 846 et
203 786 423 848 Concldmitnre
446 791 507 849 tdtc
529 786 604 848 orbe
626 795 653 847 et
672 787 858 866 praedicere,
1166 784 1206 845 et
1239 822 1241 826 -

116 890 155 952 52
201 889 308 950 Omnes
332 890 468 951 timerent
488 890 664 952 mdtnitnnti
684 889 816 950 crtdere.
1166 889 1206 947 58

157 990 244 1064 Quod
273 1001 376 1053 contra
406 1011 454 1054 us.
483 994 624 1070 tet-39,
655 991 696 1053 ad
722 1010 800 1071 quos
831 991 999 1070 disputatio
1021 999 1123 1051 nostra
1147 1009 1230 1051 nunc

76 1093 273 1174 progreditur,
299 1095 339 1156 ab
355 1094 420 1156 aliis
436 1097 585 1157 monitum
603 1104 695 1156 estet
716 1094 799 1174 quod
815 1093 888 1156 addi
903 1095 1013 1172 potuit,
1039 1092 1072 1154 id
1086 1093 1231 1154 Dziatzko

76 1198 112 1257 ita
134 1196 263 1276 collegit,
290 1207 324 1259 ut
345 1197 490 1277 equidem
513 1197 596 1277 quod
618 1206 776 1278 praeterea
805 1196 956 1277 proteram
988 1196 1061 1257 nihil
1085 1195 1226 1257 habeam.

77 1300 146 1360 Nam
169 1300 307 1362 uirorum
330 1300 505 1380 doctorum,
539 1302 593 1381 qui
619 1300 658 1362 de
680 1301 738 1362 hoc
759 1301 882 1381 prologo
904 1299 1096 1379 scripserunt
1118 1297 1230 1358 iudea

77 1399 233 1464 llitsohcfio
256 1403 361 1464 nullus
384 1414 446 1483 est,
480 1404 555 1484 quin
584 1405 668 1466 hunc
697 1413 857 1464 centonem
880 1403 1113 1482 uituperauerit.
1159 1403 1231 1462 Rit-

76 1505 201 1566 sohelius
224 1506 292 1584 ipse
315 1506 363 1568 his
385 1508 552 1586 praecipue
567 1507 723 1584 uersibus,
750 1515 786 1568 ut
801 1515 898 1568 totum
914 1506 1073 1586 prologum
1088 1505 1229 1584 spurium

75 1595 194 1670 duceret
221 1619 392 1670 commotus
422 1618 485 1688 est,
526 1607 680 1688 Liebigius
708 1628 760 1670 eos
791 1618 874 1670 certe
901 1611 933 1670 in
961 1608 1097 1670 Plautina
1125 1606 1228 1668 labula

75 1709 204 1770 nondum
230 1711 369 1775 extitisse
392 1722 508 1789 censet,
535 1713 690 1790 Dciatalro,
717 1731 810 1792 quem
833 1713 907 1774 satis
930 1711 981 1771 uel
997 1711 1089 1771 nimis
1104 1719 1229 1772 cautum

74 1830 137 1873 csse
152 1814 362 1892 cognominus,
390 1832 442 1875 eos
464 1812 612 1876 audacter
633 1815 689 1875 eici
707 1815 803 1892 iubet,
821 1813 905 1894 quod
920 1833 959 1874 ne
977 1815 1086 1874 mirum
1103 1811 1229 1892 quidem

74 1923 126 1994 est,
151 1935 223 1976 nam
248 1926 280 1977 et
302 1924 517 1997 argumentum
540 1927 571 1979 et
593 1935 693 1979 sermo
722 1927 754 1979 et
781 1927 914 1980 metrum
937 1934 1064 1995 prorsus
1085 1935 1103 1976 a
1126 1916 1230 1976 Plauto
1341 2005 1343 2008 Ι

73 2017 244 2080 abhorrent.

137 2123 260 2200 ltaque
284 2123 404 2182 omissis
427 2122 474 2182 his
497 2123 622 2201 ineptiis
652 2130 774 2184 transeo
796 2122 837 2184 ad
866 2141 914 2184 us.
943 2120 1064 2199 t-tt,
1097 2139 1229 2200 quorum

73 2222 203 2284 ordinem
228 2222 431 2285 Bitschelium
455 2234 536 2285 recte
549 2225 732 2298 ¹restituisse
753 2235 839 2306 puto,
866 2227 928 2286 nisi
949 2223 1033 2305 quod
1055 2223 1094 2285 de
1119 2243 1165 2286 uc.
1191 2225 1228 2284 l0

75 2326 169 2404 -tr,
204 2345 337 2407 quorum
367 2337 472 2406 postea
502 2313 626 2388 demum
657 2327 796 2389 condicio
824 2337 905 2390 recte
937 2327 1075 2408 cognosci
1105 2328 1228 2405 poterit,

74 2426 229 2490 diuersum
254 2447 357 2490 mcum
380 2429 457 2490 inira
481 2428 635 2510 proferam
658 2429 818 2493 iudicium.
861 2431 948 2492 Nunc
968 2430 1025 2490 hoo
1039 2428 1139 2490 solum
1155 2430 1230 2489 mihi

72 2533 269 2611 praeripiam,
310 2532 412 2593 nullas
440 2534 565 2594 omuino
596 2534 763 2596 Charinum
797 2534 828 2593 in
857 2534 997 2613 proxime
1025 2531 1230 2611 sequentibus

74 2632 229 2714 deplorare
253 2634 411 2713 miserias,
443 2645 526 2696 certe
548 2655 610 2697 non
633 2655 700 2714 eas,
733 2635 850 2716 quibus
879 2646 944 2697 tum
972 2635 1106 2714 laboret,
1139 2633 1230 2696 etde

74 2737 182 2814 quihus
205 2753 241 2798 se
263 2736 419 2798 dicturum
442 2757 511 2799 esse
536 2738 626 2800 modo
649 2759 698 2800 us.
728 2738 766 2799 tn
790 2737 990 2800 indicauerit:

198 2840 285 2902 Votts
307 2839 443 2902 nurrcbo
463 2843 561 2920 petius
583 2860 664 2903 meos
686 2861 766 2902 nnnc
789 2843 939 2902 clicerius.

152 2943 261 3023 ltaque
284 2943 316 3002 hi
338 2962 449 3006 uersus
477 2943 624 3025 (te-lt)
654 2963 694 3006 ne
723 2945 752 3004 ei
780 2943 906 3023 quidem
934 2943 1070 3005 adscribi
1099 2951 1231 3020 possunt

73 3053 188 3123 poetae,
221 3046 276 3126 qui
308 3056 424 3107 ceteros
451 3048 694 3125 interpolauerit.
736 3049 799 3110 Vua
823 3055 925 3108 autem
949 3065 1020 3108 cum
1044 3045 1091 3108 his
1115 3063 1161 3134 us.
1191 3045 1228 3104 l0

74 3147 162 3225 -ll,
189 3147 309 3226 quibus
331 3149 540 3227 interpolator,
566 3150 708 3230 quisquis
731 3149 804 3228 luit,
837 3149 877 3212 ad
903 3167 976 3210 suns
1005 3166 1117 3210 uersus
1139 3157 1227 3209 tran-

74 3250 159 3310 situm
188 3249 280 3329 iecit,
315 3251 446 3312 eiciendi
475 3262 560 3312 sunt.
599 3254 683 3314 Mitto
712 3270 797 3313 nunc
824 3271 871 3314 us.
901 3251 1025 3312 tlt-tt
1056 3260 1087 3312 et
1108 3261 1230 3312 transeo

74 3351 109 3412 ad
123 3372 169 3414 us.
190 3352 287 3432 7-9,
311 3355 342 3413 in
366 3353 482 3433 quibus
499 3356 598 3435 primo
613 3355 724 3416 obtutu
745 3354 880 3415 eundern
895 3363 1017 3434 poetam
1033 3354 1231 3432 recognosci-

75 3473 148 3532 mus,
173 3474 269 3535 quem
294 3457 324 3517 in
349 3475 396 3518 us
426 3458 591 3518 idi-tlt)
616 3457 773 3536 uidimus,
803 3459 857 3536 qui
879 3457 1041 3518 artissimis
1064 3455 1230 3517 uerborum

75 3555 181 3618 tinibus
197 3562 374 3638 argumenti
389 3561 609 3641 expositionem
628 3561 808 3642 complexus
824 3571 881 3634 est,
915 3556 960 3620 Ac
974 3558 1083 3620 deletis
1100 3558 1136 3618 iis
1152 3577 1229 3619 uer-

74 3657 167 3740 sibus,
205 3682 288 3742 quos
318 3664 439 3742 spurios
468 3665 536 3724 css'e
566 3662 718 3742 diximus,
757 3671 861 3724 textus
890 3664 1009 3741 integer
1037 3661 1170 3722 eflicitur
1199 3671 1231 3722 et

74 3764 160 3826 oratic
182 3773 247 3826 tam
271 3766 363 3846 plane
386 3765 533 3846 procedit,
560 3775 595 3826 ut
616 3785 700 3828 nuno
714 3763 841 3827 demum
860 3764 1040 3842 uideamus,
1057 3764 1230 3842 interpola-

74 3874 160 3926 torem
198 3867 337 3928 similem
374 3869 519 3930 orationis
553 3869 788 3930 concinnitatem
823 3868 947 3947 assequi
984 3887 1044 3928 non
1079 3868 1226 3945 potuisse.

73 3967 173 4048 lungas
196 3969 292 4031 modo
314 3989 363 4031 us.
391 3971 451 4031 ten

195 4071 281 4148 Quid
302 4071 405 4134 uerbis
427 4092 500 4155 opus
523 4075 587 4136 est?
609 4074 669 4136 dmi
689 4091 755 4133 enm
779 4080 866 4157 atque
889 4072 1007 4138 udntooi
1028 4073 1102 4136 teri.

73 4191 136 4237 oum
157 4195 206 4242 us.
234 4178 253 4238 9
