3176 5028
525 435 728 506 Qvlnsrronns
751 451 905 508 iterumn.

223 607 290 664 Duo
314 602 401 663 tobel
422 601 590 680 στοιχεῖαι
614 602 730 684 frditur
753 607 858 666 aalma
880 612 908 666 et
929 607 1053 684 cdtpore

228 706 288 788 (Γῆ
311 703 433 784 carpos,
455 706 561 767 ocimo
582 710 626 767 est
647 706 810 785 compat:
834 707 1051 784 postcridribus

223 799 423 886 Στοιχείοις,
449 810 538 870 otiam
561 810 589 870 si
610 809 720 887 dderr't,
744 809 881 888 priooblt
906 808 966 890 (nel
986 808 1143 890 pricotdr)
1171 818 1280 871 tonica.

140 930 193 993 pro
216 913 266 996 γῆ,
294 910 375 991 quod
399 911 534 972 restituit
556 911 751 990 Duebnerus,
777 911 928 990 praebent
949 911 1052 976 codd:
1082 915 1153 974 Tum
1170 915 1254 974 Vot·
1267 914 1300 973 P.

145 1015 254 1096 [Possis
276 1015 367 1076 etiam
391 1015 481 1075 aliter
508 1015 577 1075 licta
610 1015 762 1076 sententia
785 1014 824 1076 de
847 1014 904 1076 hac
929 1015 978 1075 uel
1008 1016 1101 1075 simili
1132 1015 1305 1078 coniectura

141 1120 290 1198 cogitare:
321 1116 521 1201 (priempere,
548 1119 679 1180 colatost
701 1110 846 1198 accipit
878 1136 931 1194 ec,
960 1117 1179 1198 posterioribus
1203 1117 1306 1178 Στοι-

139 1213 244 1299 χείοις
265 1222 294 1282 si
314 1219 459 1294 corderii,
484 1220 619 1283 certabit
642 1219 764 1300 tomeal.
794 1253 831 1264 —
856 1218 957 1300 Atque
978 1230 1144 1300 postquam
1167 1222 1305 1282 omnium

141 1334 313 1385 ceterorum
336 1342 485 1385 uersuum
508 1324 611 1384 exitus
640 1323 767 1384 uitiosos
789 1322 993 1402 abstulimus,
1024 1343 1087 1385 non
1107 1325 1306 1403 incorruptus

142 1447 209 1489 esse
233 1426 359 1489 uidetur
379 1427 405 1487 is
429 1445 551 1504 uersus,
578 1426 632 1506 qui
654 1425 739 1488 solus
762 1436 857 1488 restat
878 1426 930 1488 illa
953 1427 1073 1488 macula
1096 1427 1276 1506 insignitus:

142 1531 236 1591 XXVI
254 1532 309 1590 lb:
844 1530 911 1592 Ndo
934 1537 967 1591 to
988 1528 1206 1592 mottittotnem

99 1711 100 1718 ἵ
312 1635 336 1694 Τ
334 1637 454 1707 cedrum,
471 1651 563 1713 quom
579 1633 611 1692 ln
625 1631 729 1692 cltum
744 1631 890 1710 indidisti,
910 1632 1024 1694 caetra
1040 1635 1105 1694 eda
1113 1631 1134 1711 f
1137 1633 1208 1693 icis
1224 1633 1303 1694 not.

143 1738 202 1809 Qui
218 1735 372 1816 quomodo
387 1733 603 1796 emendandus
615 1736 664 1813 sit,
683 1753 872 1815 quamquam
888 1744 1014 1814 propter
1028 1737 1214 1815 paucitatem
1231 1755 1308 1797 uer-

143 1840 253 1901 borum
279 1859 340 1900 non
364 1840 435 1899 licet
456 1839 630 1916 absoluere,
649 1847 763 1916 tamen,
791 1849 826 1900 ut
840 1857 924 1900 nuno
939 1847 1013 1901 sunt
1029 1839 1135 1918 uerba,
1162 1849 1307 1919 praesta-

143 1943 190 2004 bit
211 1943 364 2004 scribere:
391 1977 432 1988 -
461 1943 591 2005 deeora
623 1943 678 2004 titt
705 1943 841 2022 cdofict's;
873 1940 985 2022 [potest
1006 1943 1098 2003 etiam
1121 1943 1245 2022 cogitari
1269 1941 1308 2003 de
1404 1929 1412 1946 ⁴

144 2047 258 2108 deutra
281 2048 416 2126 ootzficies
444 2045 504 2127 (uel
527 2043 675 2125 conficias)
704 2031 791 2124 libel.¹
811 2079 849 2090 —

231 2148 403 2210 PLAVTVS
418 2148 635 2209 TERENTlVS
658 2148 749 2209 ceteri
771 2157 877 2226 poetae
892 2149 1033 2226 scaenici,
1052 2166 1130 2226 quos
1153 2148 1308 2227 propriam

143 2252 325 2334 disputandi
348 2252 539 2333 prouinciam
562 2251 651 2312 nobis
666 2251 825 2330 elegimus
845 2251 970 2313 duabus
986 2251 1046 2311 illis
1062 2251 1305 2330 condicionibus,

143 2355 260 2436 quibus
276 2356 348 2416 solis
364 2365 484 2415 ceteros
499 2364 605 2433 poetas
627 2353 766 2415 iambum
788 2354 820 2414 in
842 2353 922 2433 pede
944 2355 1133 2434 paenultimo
1148 2355 1311 2417 admisisse

143 2459 293 2537 uidimus,
333 2459 445 2519 alteras
479 2458 557 2519 duas
587 2456 793 2520 addiderunt:
826 2475 928 2538 neque
958 2459 1040 2518 enim
1071 2458 1311 2520 reformidabant

144 2562 295 2640 iambum,
336 2563 361 2620 si
397 2580 595 2622 numerorum
627 2561 775 2622 uarietate
810 2560 1007 2643 rhythmique
1038 2562 1191 2622 celeritate
1221 2564 1310 2640 quasi

145 2665 252 2726 furtim
276 2683 343 2726 sese
366 2665 511 2741 insinuat,
537 2664 594 2724 boo
616 2673 664 2725 est
685 2665 711 2724 si
734 2655 830 2725 thesis
852 2663 941 2742 pedis
958 2665 1211 2744 antepaenultimi
1227 2665 1311 2726 dua-

146 2769 206 2829 bus
230 2767 382 2829 brenibus
405 2766 534 2846 syllabis
557 2761 598 2828 ita
621 2767 761 2845 efficitur,
788 2777 823 2828 ut

278 2872 299 2930 l.
326 2871 460 2931 uerbum
482 2889 631 2952 paeonem
654 2880 799 2949 quartum
822 2869 957 2930 efficiens
981 2870 1077 2931 uerbo
1100 2871 1229 2932 iambico
1251 2891 1312 2932 ex-

295 2975 436 3052 cipiatur,
455 3001 498 3026 =
517 2977 521 3050 Ι
541 2971 685 3018 ύυνέ
704 2974 709 3050 Ι
728 2970 843 3055 ΜΗ.
884 2973 926 3051 [in
942 2973 990 3033 bis
1006 2974 1152 3036 uersibus
1173 2975 1310 3054 proxima

295 3086 367 3138 ante
389 3077 447 3137 hoo
469 3077 593 3138 schema
616 3075 734 3156 syllaba
752 3084 928 3136 constanter
942 3077 1030 3156 longa
1045 3076 1141 3137 luisse
1160 3076 1310 3157 uideturl.

264 3181 302 3240 ll.
327 3190 362 3240 ut
390 3179 540 3241 uocabulo
569 3181 601 3239 in
631 3179 783 3262 syllabam
817 3179 946 3240 breuem
970 3179 1122 3242 desinenti
1145 3180 1314 3242 succedant

311 3285 445 3362 primum
475 3283 705 3362 anapaesticnm
728 3282 878 3361 uerbum,
905 3281 1017 3343 deinde
1039 3283 1172 3344 uerbum
1196 3283 1313 3343 iambi-

312 3405 393 3464 cum,
419 3413 462 3438 =
476 3389 502 3431 st
521 3383 526 3469 l
545 3401 569 3432 υ
585 3401 609 3432 υ
626 3383 648 3428 L
668 3384 674 3466 Ι
692 3399 718 3430 υ
733 3385 755 3430 L
772 3383 785 3468 ῃ
804 3433 810 3446 .
854 3384 1006 3466 [Efficitur
1020 3397 1124 3448 autem
1141 3386 1246 3447 breuis
1263 3387 1313 3446 illa

313 3490 332 3549 i.
352 3510 379 3550 e.
399 3498 485 3550 sexta
503 3488 543 3550 ab
566 3491 652 3551 exitu
674 3488 806 3570 syllaba,
833 3508 913 3569 quae
936 3490 1038 3551 locum
1053 3499 1124 3550 ante
1141 3488 1314 3549 dihaeresin

314 3603 451 3673 occupat,
477 3603 532 3654 aut
554 3599 586 3670 α)
607 3592 757 3654 uocabulo
774 3592 929 3673 bisyllabo
951 3593 983 3652 in
1006 3591 1143 3653 uocalem
1166 3600 1310 3670 exeunte,

315 3714 394 3775 quae
417 3698 449 3760 in
472 3698 640 3776 insequens
663 3696 797 3757 uerbum
820 3695 1050 3778 anapaesticnm
1073 3713 1091 3754 a
1113 3694 1212 3754 uocati
1231 3694 1313 3753 inei-

314 3801 402 3878 piens
417 3799 554 3878 eliditur,
573 3810 627 3860 aut
641 3800 672 3879 β)
692 3799 844 3860 uocabulo
860 3796 1073 3875 monosyllabo
1088 3798 1118 3857 in
1136 3815 1313 3858 consonan-

316 3911 376 3960 tem
393 3912 526 3963 exeunte
547 3902 688 3982 (uerbum
718 3903 886 3981 insequens
913 3900 1144 3979 anapaesticnm
1174 3899 1313 3961 auooali

317 4003 446 4084 incipit),
466 4013 520 4066 aut
535 4009 561 4086 y)
582 4004 701 4083 syllaba
717 4004 825 4064 ultima
843 4002 982 4065 uocabuli
998 4000 1200 4082 pyrrhichiaci
1217 4003 1268 4063 uel
1283 4003 1314 4061 in

316 4106 526 4188 pyrrhichium
543 4108 695 4168 exeuntis.
719 4107 762 4166 Ea
779 4109 867 4186 arsiS,
882 4125 961 4184 quae
977 4106 1106 4166 breuem
1120 4104 1203 4164 illam
1215 4105 1315 4183 sylla-

319 4210 390 4271 bam
403 4211 542 4290 proxime
554 4209 716 4286 antecedit,
732 4210 764 4269 in
776 4209 920 4271 uersibus
931 4209 1083 4288 congestis
1094 4206 1155 4268 sub
1167 4211 1199 4282 α)
1212 4207 1316 4267 maxi-
