3126 5028
354 439 395 497 Du
419 457 614 498 nurnncmrrs
639 458 756 500 rlavms
780 442 946 500 varmrs.
1171 441 1225 501 101

67 627 133 668 cum
157 627 233 668 uero
258 628 294 668 eo
318 617 453 687 tempore
477 611 567 671 etiam
592 609 671 671 duas
695 612 889 690 recensiones
912 612 1040 672 alteram
1065 613 1230 691 longiorem

66 711 189 772 alteram
214 711 314 771 multo
336 710 512 772 breuiorem
535 714 673 774 extitisse
705 713 789 774 haud
818 712 968 774 credibile
998 715 1052 792 sit,
1086 715 1231 775 Prisciani

67 823 162 874 aetate
185 832 221 874 ea
248 813 313 875 sola
335 816 475 875 recensio
497 815 633 893 extabat,
659 835 740 895 quae
762 817 912 894 integram
941 814 1127 877 comoediam
1151 835 1231 878 con-

66 917 171 992 tinuit;
205 917 352 994 sequitur
380 916 559 994 deperditas
589 927 693 996 partes
720 925 791 996 post
820 918 1008 978 Priscianum
1032 920 1050 979 i.
1077 938 1104 979 e.
1132 918 1232 981 medio

66 1038 139 1080 aeuo
160 1017 370 1080 intercidisse.
413 1019 474 1082 Sed
498 1022 632 1100 primum
657 1019 782 1098 quidem
806 1019 885 1080 libor
906 1019 1145 1100 AmbrosianuS,
1178 1024 1230 1101 qui

66 1131 133 1182 ante
155 1123 304 1183 Prisciani
328 1131 465 1200 tempora
489 1125 623 1202 scriptus
647 1133 705 1202 est,
731 1142 806 1184 sane
829 1121 924 1182 multo
948 1123 1113 1202 longiorem
1136 1144 1231 1204 quam

66 1225 188 1285 Palatini
212 1225 437 1286 Truculentum
460 1243 523 1286 non
546 1227 696 1286 continuit
723 1225 770 1308 (cl.
798 1223 1050 1287 Studemundum
1073 1227 1104 1285 in
1126 1227 1231 1307 Spen-

67 1326 132 1405 gelii
155 1326 294 1387 editione
317 1346 386 1406 pag.
412 1329 453 1388 lX
468 1331 564 1407 sqq.).
596 1328 711 1389 Deinde
733 1330 782 1388 hic
803 1345 915 1389 uersus
938 1346 999 1388 non
1022 1347 1039 1386 e
1063 1326 1232 1408 deperditis

68 1431 184 1489 scaenis
207 1438 356 1508 sumptus
385 1440 448 1508 est,
483 1432 599 1510 quippe
628 1448 721 1508 quem
751 1449 842 1490 nemo
870 1431 1004 1508 potuerit
1032 1434 1233 1507 pronuntiare
1330 1480 1332 1486 .

68 1533 124 1592 nisi
139 1532 337 1610 Diniarchus‚
364 1535 436 1611 quia
460 1535 554 1594 ceteri
576 1542 726 1594 amatores
742 1533 823 1592 bona
847 1531 983 1593 nondum
1007 1532 1228 1612 perdiderunt;

69 1653 100 1692 ac
121 1653 161 1694 ne
184 1635 372 1697 Diniarchus
400 1635 527 1714 quidem
557 1634 597 1696 de
626 1634 715 1696 bonis
743 1633 871 1715 perditis
899 1637 986 1713 queri
1015 1644 1135 1713 poterat
1163 1646 1233 1716 post

69 1756 207 1797 scaenam
239 1739 275 1815 ll,
310 1741 344 1815 4,
378 1740 409 1798 in
441 1757 503 1817 qua
531 1758 564 1800 se
593 1739 675 1799 omni
703 1747 841 1819 tempore
870 1739 984 1798 amicae
1013 1740 1233 1801 amicissimum

69 1839 160 1898 luisse
183 1840 337 1920 intellegit
358 1851 389 1901 et
410 1841 552 1902 futurum
574 1859 642 1900 esse
666 1849 780 1918 sperat.
820 1839 912 1917 Atqui
937 1849 1007 1900 ante
1030 1859 1172 1902 scaenam
1193 1843 1228 1917 ll,

72 1944 86 2000 l
103 1951 181 2002 totae
197 1960 332 2005 scaenae
347 1944 515 2023 Plautinae,
543 1942 627 2022 quod
642 1943 777 2020 uideam,
803 1961 865 2001 nou
880 1941 1112 2002 interciderunt.
1154 1943 1233 2005 Cum

71 2063 155 2123 porro
178 2046 298 2107 nullus.
312 2055 396 2106 extet
418 2047 514 2124 locuS,
546 2045 601 2106 ubi
625 2054 695 2123 apte
718 2046 887 2123 inseratur,
914 2045 1044 2105 alterum
1067 2054 1171 2105 utrum
1195 2065 1234 2105 ex

72 2148 116 2208 his
132 2148 259 2210 duobus
275 2148 392 2210 lactum
408 2167 476 2209 esse
492 2167 620 2209 necesse
643 2157 706 2208 est:
735 2156 789 2208 aut
809 2147 932 2206 omnino
949 2147 1129 2208 Truculenti
1152 2147 1234 2207 hunc

73 2270 194 2313 uersum
217 2271 278 2313 nec
300 2271 369 2312 esse
393 2270 450 2312 nec
470 2251 576 2329 luisse,
603 2249 660 2311 sed
682 2253 714 2310 in
737 2249 873 2311 deterius
893 2248 1023 2328 aliquod·
1042 2251 1230 2333 exemplum,

74 2372 130 2433 quo
150 2355 329 2416 Priscianus
351 2361 501 2432 uteretur,
528 2355 697 2434 irrepsisse,
725 2363 779 2414 aut
800 2369 861 2413 una
879 2371 948 2412 cum
966 2352 1042 2430 aliis,
1062 2354 1142 2413 inter
1156 2371 1234 2431 quos

74 2475 159 2517 suum
175 2465 300 2518 teneret
314 2457 414 2518 locum
437 2455 646 2532 intercidisse;
674 2455 757 2534 quod
782 2455 855 2515 mihi
879 2453 1005 2533 quidem
1021 2456 1234 2517 uerisimilius

75 2557 194 2620 uidetur
215 2577 288 2620 esse
297 2554 333 2638 ¹).
440 2583 441 2586 ¹

154 2661 216 2723 Sed
240 2663 303 2722 iam
325 2661 500 2738 uideamus,
528 2660 645 2742 quibus
668 2663 770 2722 causis
786 2679 940 2738 cogamur,
967 2670 1003 2720 ut
1018 2659 1154 2720 fabulam
1172 2677 1233 2720 non

75 2765 217 2842 integram
240 2783 313 2825 esse
336 2774 492 2843 putemus.
534 2765 573 2825 Et
602 2773 765 2845 postquam
798 2760 880 2840 quod
904 2762 1090 2822 Schmitzius
1120 2759 1234 2840 dispu-

78 2867 147 2926 tauit
161 2868 337 2945 reiecimus,
357 2886 456 2928 unum
479 2868 581 2928 locum
603 2876 709 2928 extare
725 2884 844 2942 censeo,
871 2867 924 2944 qui
948 2873 1065 2924 eertum
1088 2863 1235 2941 praebeat

77 2970 254 3048 uestigium:
295 2989 407 3032 uersus
436 2971 497 3031 iam
526 2989 621 3051 supra
650 2968 790 3030 laudatos
820 2970 867 3045 lll,
901 2971 929 3045 2,
966 2965 1101 3026 44-45,
1153 2965 1235 3037 Quid

79 3073 174 3131 euim‘?
211 3073 252 3133 Se
276 3073 387 3134 crebro
410 3075 440 3132 in
465 3072 575 3134 urbem
599 3091 787 3133 commeasse
810 3070 884 3131 dicit
907 3087 1019 3130 seruus
1041 3069 1121 3129 inter
1144 3085 1235 3128 scae-

79 3190 128 3232 nas
150 3174 183 3250 ll,
212 3175 242 3252 2,
270 3176 303 3233 in
326 3193 387 3253 qua
411 3176 619 3236 truculentum
644 3195 677 3234 se
706 3173 862 3254 praebeat,
897 3183 927 3233 et
954 3172 1056 3231 hano‘l
1085 3170 1236 3243 Quando‘l

80 3292 194 3350 quaeso.
236 3278 317 3336 Nam
340 3285 464 3355 tempus
486 3278 514 3337 ei
537 3296 597 3338 non
621 3285 687 3337 erat
709 3275 816 3335 crebro
839 3276 869 3333 in
892 3273 1004 3335 urbem
1031 3271 1232 3349 commeandi,

81 3395 144 3438 cum
172 3387 306 3457 quartus
339 3378 399 3458 (uel
429 3377 548 3459 tertius)
579 3387 668 3438 actus
696 3376 803 3437 eodem
838 3376 888 3436 die
924 3376 1030 3453 paucis
1060 3374 1141 3434 horis
1166 3384 1237 3452 post

81 3480 205 3556 primum
229 3490 352 3560 agatur.
393 3482 455 3540 Hoc
478 3501 539 3541 uno
568 3481 649 3557 loco,
682 3489 717 3539 ut
744 3479 800 3540 alia
825 3479 1075 3557 praetermittam,
1103 3473 1236 3534 demon-

83 3589 169 3642 strare
191 3584 286 3644 libet:
314 3601 409 3643 uersu
432 3585 514 3642 enlm
538 3586 573 3661 ll,
595 3585 624 3659 4,
652 3584 703 3658 89,
730 3583 781 3659 qui
804 3582 894 3660 primi
917 3588 1005 3639 actus
1028 3585 1084 3652 est,
1110 3576 1236 3636 lliniar-

84 3683 151 3745 chus
185 3687 338 3765 promittit
368 3685 489 3746 mulieri
518 3686 656 3763 quinque
685 3685 785 3743 minas
808 3693 838 3742 et
868 3681 1029 3742 obsonium
1062 3681 1122 3738 lom
1152 3679 1237 3737 modo

85 3785 142 3846 dico
164 3807 195 3848 se
218 3791 391 3850 missurum
415 3806 493 3863 esse,
521 3797 552 3848 et
566 3804 661 3847 uersu
676 3787 723 3862 lV,
744 3788 773 3861 2,
793 3786 844 3860 34,
864 3783 916 3861 qui
933 3783 1034 3860 quarti
1063 3779 1124 3861 (uel
1141 3780 1232 3860 tertii)

85 3899 161 3950 actus
176 3901 232 3968 est,
261 3890 464 3968 conqueritur
479 3908 511 3948 se
527 3887 567 3949 ab
583 3888 633 3948 illa
650 3906 724 3946 cena
741 3887 902 3946 exclusum
917 3901 1001 3961 esse,
1028 3881 1112 3943 unde
1127 3883 1238 3961 sequi-

35 3999 36 4002 ’
87 3997 129 4048 tur
154 3994 269 4069 primos
301 3998 447 4070 quattuor
475 3999 562 4050 actus
591 4007 761 4069 paucarum
786 3989 930 4048 horarum
955 3986 1053 4063 spatio
1076 3985 1234 4051 contineri.

149 4215 170 4270 tl
191 4215 265 4266 ldem
283 4213 332 4266 Th.
354 4213 467 4275 Bargkio
487 4211 503 4261 Ι,
525 4210 542 4259 l.
564 4223 589 4274 p.
611 4215 642 4259 5⁰
661 4209 768 4275 placuit.
