3116 5020
313 412 355 470 De
378 411 506 473 Sinnin
530 414 808 474 Inaninooiiionvn
832 413 1033 485 Onnovinvn.
1194 413 1251 474 281

93 598 206 642 uersus
228 581 380 643 sententia
404 583 496 663 piane
518 583 627 646 eadem
650 587 690 646 sit
705 594 797 664 atque
814 587 896 646 Pers.
926 587 985 646 139
1001 594 1033 646 et
1048 586 1137 646 Poen.
1160 585 1252 660 4308,

93 683 198 744 neseio
221 702 262 745 an
285 685 358 747 huie
376 703 503 765 quoque
525 687 631 748 uersui
654 687 841 750 indieatiuus
864 687 1073 750 uindicandos
1094 687 1152 749 sit:

337 793 428 848 Nimio
449 793 592 850 iracunde.
613 786 625 872 Ι)
640 793 676 850 At
696 796 768 864 sein,
793 812 879 866 quam
903 796 1054 852 iraenndne
1076 795 1162 850 sumi

92 887 147 949 ubi
171 887 276 950 hiatus
298 890 330 950 iu
353 908 479 952 caesura
503 891 747 972 penthemimere
770 893 810 954 ita
835 891 1007 972 intercedit,
1035 901 1068 955 ut
1089 898 1160 973 post
1181 911 1256 953 oae-

93 1009 199 1052 suram
223 989 300 1052 alter
320 992 419 1053 uerba
442 993 540 1055 faeere
563 995 699 1076 incipiat.
780 1013 788 1025 ·

142 1156 145 1166 ,
181 1095 314 1176 Saepius
335 1097 523 1159 coniunctiui
546 1098 699 1160 iussiui
722 1105 898 1160 occurrunt:

92 1203 133 1257 Pi.
160 1204 240 1258 Pers.
271 1206 328 1260 tet
358 1197 389 1279 (1,
418 1209 446 1272 3,
475 1199 523 1279 74)
604 1205 653 1262 'sed
673 1207 734 1262 sein
753 1206 822 1276 qnid
839 1206 947 1261 iacias?
969 1205 1251 1278 eapeTnnieomete.

159 1306 223 1360 Cas.
251 1306 285 1373 11,
314 1311 342 1375 8,
370 1309 408 1362 et
438 1299 521 1384 (386)
606 1308 671 1364 Soin
686 1299 983 1385 qnidnuneiaciasNJ
999 1311 1135 1380 Loquere.
1155 1298 1168 1384 ))
1184 1307 1256 1364 Tene

659 1412 862 1484 marsuppium.
1057 1403 1059 1408 ’

157 1511 216 1566 Mil.
247 1513 326 1569 1034
355 1511 424 1582 (ΙΙΙΙ,
453 1517 481 1580 2,
511 1513 561 1585 ta)
605 1512 639 1568 At
659 1514 731 1580 sein,
765 1514 833 1585 qnid
858 1519 888 1568 tn
911 1513 1018 1569 iacias?
1044 1513 1130 1585 facito
1158 1513 1258 1585 faetidi

655 1619 782 1690 plenum.

158 1716 263 1772 Bacch.
292 1719 373 1774 tttn
402 1716 444 1789 (V,
472 1723 501 1784 2,
529 1717 579 1790 58)
606 1720 694 1775 immo
725 1736 774 1792 eoo
805 1727 830 1775 te
858 1737 925 1786 oro,
957 1727 989 1775 nt
1016 1735 1060 1776 me
1086 1722 1160 1775 intro
1184 1718 1255 1774 nd-

661 1823 781 1878 ducos.

623 1916 636 2002 ))
651 1926 788 1998 Lepidum
811 1934 846 1983 te.
865 1917 878 2003 Ι)
894 1924 928 1981 At
942 1925 1013 1992 scin,
1032 1939 1090 1994 quo
1107 1930 1190 1994 pacto
1213 1940 1255 1978 me

661 2029 700 2082 acl
720 2036 745 2085 te
767 2030 841 2084 intro
864 2026 1052 2083 abducas?
1145 2011 1147 2014 ¹

157 2130 234 2184 tien,
263 2131 322 2184 947
352 2122 393 2204 (V,
422 2134 450 2197 ὅ,
481 2124 529 2208 tt)
607 2131 669 2186 Non
702 2131 780 2186 niden
811 2131 950 2186 hominem
985 2126 1132 2185 insanire?
1175 2128 1251 2196 Scin,

661 2233 731 2304 quid
753 2234 839 2290 iacias
862 2231 1028 2306 optumum?

609 2335 650 2390 An
672 2353 714 2392 me
734 2337 861 2409 [acenti
882 2335 1034 2408 deseratur.

94 2432 146 2492 Sio
168 2430 285 2492 Ritsohi
306 2430 391 2492 huno
412 2450 540 2494 uersum
563 2435 687 2514 seiipsit
713 2432 877 2515 (optumum
899 2451 929 2495 es
951 2433 1006 2511 Da,
1038 2437 1190 2512 optumum
1212 2436 1256 2490 eet

93 2532 141 2615 B),
160 2534 210 2594 eui
227 2533 348 2595 lectioni
370 2536 425 2595 uix
448 2533 557 2596 dubito
579 2537 656 2615 quin
679 2555 725 2615 ea,
745 2554 839 2616 quam
862 2537 934 2596 Brix
956 2537 986 2595 in
1010 2534 1145 2595 editione
1167 2552 1255 2593 eom-

94 2635 223 2698 mendat
255 2637 343 2715 Scin,
381 2637 455 2717 qnid
486 2636 587 2717 facias
619 2645 818 2719 optnmnmst,
854 2635 1055 2719 praeferenda
1088 2637 1144 2711 sit;
1182 2653 1254 2696 nam

94 2746 249 2800 structura
271 2737 379 2800 eadem
402 2759 471 2801 esse
494 2738 620 2802 uidetur
649 2750 742 2822 atque
764 2744 843 2802 Men.
871 2741 943 2819 tna,
977 2741 1085 2818 Heeyr.
1113 2738 1185 2815 753,
1219 2745 1255 2798 ut

94 2843 210 2922 integra
236 2843 389 2903 sententia
412 2842 488 2903 haee
510 2844 564 2904 sit:
593 2845 667 2920 sein,
694 2845 769 2925 qnid
791 2852 943 2926 optumum
965 2841 1041 2904 nini
1053 2840 1174 2902 uidetur
1194 2838 1255 2920 (uel

92 2953 245 3026 optumum
261 2944 326 3026 est)
346 2953 380 3006 nt
394 2945 527 3024 saciasti,
553 2954 647 3025 atque
661 2945 759 3008 uerba
775 2954 927 3028 optumum
943 2953 986 3008 est
999 2944 1100 3006 ionum
1116 2951 1250 3021 teneant,

93 3065 189 3128 quem
204 3047 279 3108 aiibi
295 3047 371 3126 oon,
396 3051 424 3109 'te
447 3046 553 3108 amabo
575 3048 744 3110 locutiones
765 3049 905 3110 obtinere
928 3047 1076 3110 uidimus.
1109 3047 1253 3109 Ceterum

93 3169 167 3212 enm
178 3155 357 3231 optumumst
366 3151 524 3212 enuntiato
535 3153 661 3230 saepius
672 3151 758 3233 apud
769 3153 912 3214 Plautum
923 3150 1012 3213 uerbi
1023 3150 1254 3213 ooniunotiuum

90 3262 127 3316 ut
146 3253 299 3334 particula
322 3254 434 3314 omissa
458 3255 600 3333 coniungi
623 3256 695 3314 Brix
718 3254 821 3316 doeuit
843 3256 875 3317 in
897 3254 1093 3317 adnotatione
1116 3251 1255 3315 adhunc

90 3373 230 3419 uersum.

91 3466 160 3520 Ter.
180 3464 282 3520 Heaut.
310 3466 369 3520 738
398 3459 468 3533 (1111,
498 3467 526 3530 t,
556 3457 602 3540 to)
630 3464 714 3538 Atqui
740 3467 797 3519 iam
828 3463 949 3520 dabitur.
972 3455 985 3541 ))
1010 3464 1040 3519 Vt
1067 3460 1157 3519 ludet:
1187 3479 1253 3517 atem

686 3584 736 3640 eqo
758 3564 857 3623 insto?
872 3557 884 3644 Ι)
900 3565 934 3622 n
956 3567 1016 3621 sein
1039 3565 1107 3635 qnid
1130 3563 1233 3620 sodes?

643 3662 656 3748 1)
674 3668 770 3738 Quid?
792 3661 804 3748 ))
826 3669 1064 3725 itnnsenndumtt
1095 3684 1169 3724 none
1204 3665 1255 3724 tibi

686 3774 724 3828 od
743 3772 930 3831 Menedemum
953 3779 978 3827 et
1000 3779 1048 3827 tna
1068 3787 1173 3844 pompa

630 3875 669 3930 Eo
693 3875 862 3930 traducendo
884 3882 932 3930 est.

91 3973 223 4034 SODES
245 3970 357 4050 AC¹P¹,
384 3973 468 4034 sodes
489 3972 590 4052 fociae
612 3971 785 4051 0²31)an
810 3972 893 4033 sodes
915 3966 1009 4048 facies
1031 3971 1081 4047 P²;
1108 3969 1254 4035 adhunc

89 4093 219 4138 uersum
242 4074 370 4155 Bentley
392 4075 467 4134 haee
488 4072 630 4136 adnotat:
664 4075 752 4135 »Scin
777 4073 849 4155 qnid
869 4073 954 4134 sodes
976 4072 1111 4136 subaudi
1138 4074 1248 4156 sociae,

86 4187 125 4241 ut
147 4176 221 4237 libri
243 4177 333 4238 multi
356 4176 437 4237 bene
460 4175 509 4237 hie
537 4177 568 4236 in
592 4185 681 4238 textu
703 4175 838 4256 addunt,
871 4176 921 4238 nel
949 4175 1051 4258 fecere
1082 4184 1108 4240 te
1132 4175 1252 4240 nelim.«
