3086 5024
300 383 342 442 Dr
366 384 495 446 Srriraxr
518 386 802 448 larnanoairronru
825 386 1027 456 onerariam.
1159 465 1165 474 ἱ
1187 385 1249 445 173

87 551 211 611 obstant.
254 554 362 632 ltaque
384 554 614 616 Fleckeisennm
638 557 745 633 secuti,
772 555 827 616 sed
851 556 924 638 quid
943 558 1133 635 pronomine,
1159 553 1242 634 quod

86 654 189 730 aaut
210 655 372 735 praebent,
401 667 435 718 ut
456 677 513 736 par
534 667 592 734 est,
619 659 770 736 restituto,
797 677 922 720 uersum
947 660 986 718 ita
1010 660 1209 738 corrigimus:

207 757 327 818 Nomen
349 760 485 822 molieris
506 759 591 838 cedo,
618 759 693 840 quid
715 762 765 839 sit,
792 768 824 822 ut
845 769 1023 842 quaeratur.
1042 759 1056 843 ΙΙ
1072 761 1217 822 Plriltcra.

164 1065 304 1144 lienique
320 1067 546 1148 anticipationis
561 1069 723 1130 artificium
740 1070 771 1129 in
796 1069 846 1130 his
868 1069 1017 1150 exemplis
1040 1070 1150 1147 partim
1169 1087 1239 1129 eum

84 1165 237 1228 codicibus
260 1169 486 1232 restituendum
509 1172 621 1250 partim
643 1182 746 1233 contra
771 1171 892 1232 codices
915 1169 1111 1232 inferendum
1135 1171 1207 1230 erit:

126 1276 149 1344 t)
177 1277 257 1332 Tria.
286 1281 346 1335 atr
376 1274 445 1352 (llll,
473 1285 502 1346 2,
531 1273 579 1352 36)
609 1279 663 1334 Fac
686 1295 743 1347 me,
768 1281 793 1334 si
813 1281 876 1347 seis,
903 1280 1066 1347 certiorem,
1094 1278 1237 1334 lisceto-

645 1384 732 1437 mt'oea
755 1380 805 1436 ubi
828 1379 970 1450 habitent,
993 1389 1085 1455 poter.

83 1478 201 1538 certiore
224 1475 310 1539 besee
333 1479 390 1556 BC,
418 1481 527 1541 certmr
549 1497 631 1540 eorce
653 1479 693 1554 ὓς
721 1477 798 1541 liare
821 1497 891 1539 cum
914 1480 1088 1540 Camerario
1110 1478 1236 1539 ltitschl.

83 1577 222 1639 Codicum
246 1581 400 1660 scriptura
416 1581 580 1661 uestigium
595 1583 662 1644 eius
678 1592 859 1656 structurae,
879 1600 971 1660 quam
992 1581 1239 1660 anticipationem

82 1681 314 1761 appellauimns‚
346 1682 496 1764 praebere
525 1683 663 1746 uidetur.
703 1686 810 1764 Neque
836 1683 893 1745 boo
921 1684 1118 1745 Ritsehelium
1150 1683 1235 1762 fugit,

82 1800 146 1843 eum
169 1783 288 1847 diceret
302 1788 333 1847 in
350 1786 443 1847 altera
459 1785 605 1848 editione:
635 1787 733 1850 »besee
751 1789 777 1848 si
801 1788 872 1867 quis
888 1784 1077 1848 seruandum
1100 1795 1237 1864 putaue-

82 1886 127 1965 rit,
145 1905 204 1949 non
221 1890 335 1966 poterit
349 1907 410 1951 non
430 1887 469 1950 de
490 1891 726 1969 transpositione
743 1891 889 1970 cogitare:
918 1891 977 1949 Fae
999 1908 1045 1950 me
1069 1891 1234 1968 certiorem,

82 1987 159 2051 hosce
175 1990 308 2054 domines
323 1994 351 2054 ai
371 1994 429 2055 acis
443 1992 497 2054 ubi
510 1991 650 2070 habitent,
673 2001 791 2073 potera
828 1992 909 2064 Quid
927 1991 1123 2054 llitschelium
1148 2010 1237 2052 eom-

82 2095 216 2172 mouerit,
246 2105 281 2156 ut
302 2093 342 2156 de
365 2096 421 2156 hae
443 2096 679 2174 transpositione
703 2096 856 2175 cogitaret,
882 2114 922 2156 ex
944 2095 993 2156 illa
1017 2113 1110 2173 quam
1134 2096 1237 2173 posuit

81 2194 322 2274 interpunctione
339 2197 539 2276 intellegitur:
560 2197 680 2259 elficere
696 2199 789 2278 igitur
804 2197 933 2273 studuit,
954 2208 988 2258 nt
1004 2197 1088 2258 hosce
1107 2198 1239 2260 homines

81 2301 243 2363 accusatiui
267 2320 305 2361 ex
329 2302 387 2362 scis
409 2300 506 2361 uerbo
528 2301 710 2380 penderent.
752 2300 814 2362 Sed
844 2302 936 2363 ctiam
966 2303 1011 2363 sie
1045 2299 1132 2380 (conl.
1161 2300 1237 2362 inira

81 2417 109 2477 p.
137 2403 193 2461 tao
218 2412 283 2465 not.
303 2401 333 2484 2)
360 2402 444 2465 hosce
467 2404 598 2464 dorcinca
622 2404 718 2464 uerba
741 2404 833 2465 simul
857 2402 949 2466 etad
974 2405 1034 2464 Fcc
1057 2422 1103 2464 me
1125 2406 1238 2464 certio-

81 2521 139 2564 rem
161 2514 192 2565 et
213 2505 254 2566 ad
278 2508 306 2567 si
327 2507 386 2569 aeia
408 2505 569 2587 cogitando
593 2505 753 2567 referenda
778 2517 862 2568 sunt.
902 2505 1054 2586 Equidem
1088 2524 1151 2566 non
1173 2506 1238 2567 du-

82 2605 148 2686 bito,
175 2610 252 2688 quin
278 2609 364 2670 liosee
386 2609 518 2671 domines
539 2629 610 2670 cum
633 2611 695 2670 Foe
717 2628 763 2670 me
784 2611 940 2671 certrorem
962 2609 1105 2686 coniungi
1127 2610 1235 2688 possit.

80 2707 355 2788 Frequentissimae
381 2712 506 2792 quidem
532 2721 707 2772 structurae
737 2712 794 2773 bae
823 2721 911 2774 sunt:
950 2712 1105 2773 certiorem
1133 2710 1238 2789 {orere

82 2814 205 2894 aliquem
230 2815 365 2876 alieuius
386 2816 434 2878 rei
455 2814 536 2875 etde
553 2815 657 2895 atiquo
679 2833 724 2876 re.
764 2813 906 2875 Attamen
929 2815 1064 2893 primum
1089 2833 1150 2875 non
1173 2813 1237 2876 dn-

81 2913 150 2994 bito,
176 2918 252 2995 quin
277 2917 385 2980 eodem
409 2919 476 2979 iure
499 2935 560 2996 quo
583 2936 653 2978 cum
677 2918 831 2980 consulere
860 2917 989 2997 clr'quem
1010 2918 1088 2977 llen.
1115 2917 1176 2996 llll,
1203 2918 1233 2995 3,

81 3018 118 3078 tt
146 3019 205 3099 (llio
229 3028 270 3107 et,
283 3021 436 3082 consulum
458 3019 536 3080 boae
564 3040 629 3083 rem
659 3018 778 3098 amieos)
807 3028 837 3079 et
859 3019 977 3078 Patron.
1006 3021 1046 3078 88
1075 3018 1238 3100 (consulere

80 3121 300 3199 prudentiorem
323 3125 407 3204 coepi
425 3130 538 3185 aetates
560 3122 762 3199 tubulorum),
789 3122 878 3182 etiam
897 3141 967 3183 cum
983 3119 1086 3199 facere
1107 3123 1236 3204 oli'quem

81 3226 229 3286 certiorem
254 3224 332 3285 alter
354 3227 551 3289 aecusatiuus
581 3226 724 3303 coniungi
745 3226 858 3305 possit;
893 3224 972 3284 conl.
1004 3225 1095 3285 etiam
1118 3223 1231 3305 Amph.

81 3325 138 3386 347
165 3327 196 3408 (l,
226 3328 255 3406 t,
285 3326 355 3406 tat)
383 3327 654 3408 numquidnum
677 3345 707 3388 es
730 3328 838 3388 certior
852 3325 907 3408 tid
923 3336 971 3387 cst
988 3328 1099 3388 certior
1120 3324 1231 3405 foetas)

81 3439 108 3488 et
128 3430 210 3491 Sext.
238 3430 398 3509 Turpilius
425 3429 526 3511 (Ribb.
553 3431 638 3491 Gom.
664 3449 695 3509 p.
722 3430 773 3507 80,
801 3429 850 3509 65)
880 3437 911 3489 ot
933 3432 1010 3490 erim
1032 3429 1132 3504 scibis,
1159 3447 1236 3508 quoe

81 3529 163 3607 sitisti
184 3534 310 3595 inscios.
349 3531 467 3594 Deinde
489 3533 686 3593 accusatiuus
702 3532 763 3609 ille,
790 3532 844 3609 qui
863 3531 1087 3610 anticipationis
1110 3531 1238 3590 artificio

81 3633 224 3716 efficitur,
257 3634 383 3695 liberior
411 3653 502 3696 casus
532 3644 579 3696 est
608 3646 639 3695 et
668 3634 848 3694 nominatiui
878 3652 917 3692 ex
948 3650 1004 3692 suo
1028 3633 1091 3692 loco
1114 3633 1234 3712 expulsi

82 3746 167 3816 atque
190 3748 350 3817 tamquam
374 3747 460 3799 extra
483 3746 670 3798 structuram
695 3737 785 3817 positi
808 3736 874 3796 uice
896 3733 1034 3814 fungitur
1056 3754 1117 3795 non
1141 3735 1237 3796 multo

82 3858 165 3902 secus
187 3850 282 3921 atque
306 3841 338 3900 in
361 3860 396 3902 ea
420 3850 584 3919 structura,
612 3859 704 3920 quam
729 3839 953 3916 ,accusatiuum
976 3857 1045 3898 cum
1071 3837 1235 3898 infinitiuo‘

82 3944 282 4022 appellamus.
321 3944 428 4023 ltaque
444 3942 485 4021 id,
504 3942 588 4022 quod
610 3942 680 4003 libri
702 3941 863 4021 praebent,
890 3940 1019 4002 tortasse
1039 3939 1234 4001 retinendum
1279 3923 1286 3935 ’

81 4055 109 4104 et
128 4067 240 4110 uersus
264 4048 310 4108 sie
332 4045 516 4108 scribendus
539 4054 601 4106 est:

206 4153 268 4211 Fac
279 4168 337 4226 me,
352 4151 382 4210 si
395 4150 464 4228 acr's,
483 4150 637 4210 certiorem
654 4146 739 4208 liesca
750 4144 890 4224 domines,
905 4143 959 4208 ubi
972 4145 1114 4224 totitem,
1133 4153 1233 4227 poter.
