3176 5028
511 391 719 462 Qvansrrones
743 409 894 452 aeramen.
1239 397 1279 454 55

120 562 290 638 genuinum
314 560 480 622 uerborum
511 562 651 623 ordinem
682 562 786 624 Planta
816 561 1003 624 uindicauit:
1036 597 1073 610 -
1102 565 1162 644 filio
1192 565 1280 626 reddi

120 663 195 723 berta
218 672 251 724 et
273 664 336 741 filio
358 664 460 743 suerat
482 673 542 726 tuo.
583 663 699 726 Eodem
722 664 816 726 mode:
834 664 992 727 sanandus
1014 667 1073 726 erit

203 763 298 843 Epid.
318 766 356 826 lll
379 769 408 845 l,
435 768 492 826 86:
522 768 634 848 Leptim
649 769 738 848 amm
754 769 856 829 iurum
871 765 961 844 fictor
976 768 1150 828 eluditdr
1173 769 1277 845 eluit,

120 877 152 928 ut
173 866 367 930 scribamus:
396 869 531 930 eonditor
550 871 635 949 fictor
656 869 741 947 cluet,
768 870 827 930 nisi
849 868 926 930 forte
948 880 1070 950 poetam
1092 871 1123 930 in
1147 869 1281 932 conditor

118 971 214 1050 lepram
240 979 271 1031 et
293 972 429 1034 eonditor
452 974 553 1033 iurum
575 971 687 1034 lusisse
710 973 870 1034 existimas
896 970 931 1053 (b
950 973 1080 1052 praebet
1102 971 1277 1052 condicam).

117 1071 156 1132 ei.
184 1071 385 1136 Studemnnd
407 1075 438 1134 in
461 1074 525 1136 ind.
551 1076 620 1136 leot·
647 1074 874 1156 Gryphiswald.
904 1074 1022 1157 tertia
1045 1087 1113 1154 pag.
1144 1076 1193 1136 ta.
1217 1109 1260 1120 -—

206 1177 341 1254 Versus,
371 1178 424 1256 qui
447 1187 558 1238 exeant
578 1178 611 1238 in
633 1177 765 1239 uerbum
788 1179 934 1240 eretieum
958 1189 988 1239 et
1010 1178 1141 1240 uerbum
1165 1177 1281 1238 iambi-

118 1299 201 1357 cum,
228 1289 393 1359 postquam
409 1293 516 1341 omnes
531 1288 649 1341 eeteros
664 1283 863 1358 remonimds‚
883 1290 1000 1342 restant
1014 1286 1099 1342 nune
1112 1281 1169 1342 soli
1184 1289 1281 1361 quat-

70 1388 73 1394 '
119 1394 198 1461 tuor,
227 1393 258 1444 et
280 1383 307 1443 ei
330 1400 455 1461 quoque
477 1391 584 1462 aperte
607 1384 759 1461 corrupti:

206 1484 319 1562 Amph.
349 1483 408 1546 ter
432 1501 479 1564 sq.
506 1485 539 1548 G.
566 1488 597 1546 F.
624 1487 660 1547 G.
687 1485 856 1548 Muellerus
883 1485 933 1566 (Pl.
961 1487 1010 1546 Pr.
1035 1505 1066 1566 p.
1096 1485 1164 1560 ist)
1199 1483 1282 1544 hune

119 1592 150 1650 in
174 1587 304 1650 modum
326 1589 498 1650 constituit:
1022 1619 1049 1629 ··

251 1694 310 1753 Nee
333 1689 458 1752 causum
481 1691 567 1752 liceat
589 1691 701 1770 dicere,
727 1709 821 1770 neque
837 1692 868 1751 irr-
890 1693 941 1752 e're
964 1691 1125 1771 quicquam
1147 1687 1283 1751 arioeili

541 1794 626 1870 siet,

252 1900 313 1958 Nec
342 1898 504 1976 quisquam
533 1895 586 1972 sii,
618 1897 691 1975 quin
719 1898 767 1956 me'
794 1889 904 1980 (malo)
934 1914 1034 1957 omues
1062 1897 1124 1958 ease
1157 1895 1282 1976 dippum

274 1983 277 1988 ’
540 1997 688 2078 apuam.

120 2103 205 2165 ldem
229 2101 293 2162 iere
314 2101 467 2179 praebent
488 2099 623 2178 podices,
648 2100 708 2161 nisi
730 2099 815 2180 quod
835 2102 910 2163 nubi
935 2098 1055 2161 addunt
1076 2099 1279 2179 postdicere,

120 2217 151 2268 et
165 2206 245 2266 mule
266 2203 423 2281 omittunt,
450 2203 538 2282 qued
557 2203 665 2263 merite
688 2203 817 2264 inseruit
831 2204 1005 2281 Muellerus,
1032 2219 1102 2264 nam
1126 2201 1283 2263 ablatiuus

121 2311 175 2371 uix
198 2308 296 2370 omitti
319 2315 429 2384 potest.
470 2306 685 2367 Fleckeisenus
708 2305 782 2367 haee
804 2305 915 2368 edidit:

250 2412 312 2471 Nec
342 2406 468 2470 aufusum
497 2410 584 2470 liceat
614 2409 713 2470 dicere
741 2409 831 2488 milri,
863 2411 959 2489 neque
988 2411 1019 2469 iu
1047 2427 1098 2470 ero
1121 2409 1282 2489 quicquam

540 2509 644 2573 auxili

254 2615 333 2691 Sia,
367 2634 419 2675 nec
448 2616 607 2694 quisquam
629 2616 685 2692 sit,
712 2616 786 2694 puin
808 2632 853 2675 me
876 2633 975 2675 omnes
997 2616 1059 2676 isse
1082 2613 1204 2694 dr'prtrim
1227 2612 1284 2673 de-

537 2724 653 2796 putent.

122 2819 189 2881 Sed.
205 2822 261 2880 siet
276 2818 434 2880 adscitum
452 2821 484 2878 in
500 2819 676 2898 posterioris
691 2837 802 2881 uersus
818 2819 943 2879 initium*
954 2829 1021 2878 nen'
1035 2826 1082 2878 est
1096 2816 1280 2892 Plautinum,

122 2922 153 2983 id
176 2919 261 3000 qnod
291 2922 352 2982 iam
374 2922 497 2985 Brixius
525 2923 636 3002 (Liegn.
663 2923 765 3001 Progr.
793 2919 874 2980 4857
897 2938 928 2999 p.
958 2921 985 3001 7)
1013 2921 1181 3000 perspexit.
1223 2917 1283 2980 Sed

122 3023 206 3103 qnod
228 3024 279 3084 hie
300 3025 349 3084 uir
371 3023 478 3086 doetus
501 3027 568 3104 ipse
590 3025 751 3103 proposuit
772 3042 833 3084 non
856 3025 960 3084 minus
983 3033 1031 3084 est
1051 3020 1257 3084 reiciendum:

225 3299 310 3356 Neine,
333 3299 394 3360 quia
412 3300 489 3348 iemi
506 3297 622 3347 amicum
640 3300 763 3358 experior
781 3299 841 3356 erse,
863 3299 984 3348 credetur
1001 3298 1052 3356 tibi,

124 3383 183 3432 libri
197 3383 308 3432 Palatini
329 3384 420 3431 autem
439 3383 465 3430 in
485 3381 537 3432 fine
556 3383 687 3448 praebent
706 3371 861 3434 ereditur
878 3384 948 3444 tihi,
970 3383 996 3431 in
1016 3383 1075 3432 eod.
1091 3383 1212 3431 ambros.
1227 3395 1286 3431 cre-

123 3471 198 3519 detur
215 3469 259 3518 tibi
277 3468 341 3517 olim
360 3467 442 3517 luisse
462 3469 613 3518 seeundum
633 3461 851 3519 studemundum
870 3474 923 3518 non
942 3469 1033 3518 minus
1051 3468 1109 3517 neri
1129 3467 1216 3516 simile
1235 3470 1284 3526 est,

122 3567 202 3618 quam
222 3556 337 3604 creditur
354 3555 406 3605 titi,

226 3639 307 3690 Stich.
324 3643 383 3699 ait,
405 3639 452 3690 ubi
464 3639 525 3689 libri
539 3639 649 3690 Palatini
662 3643 735 3691 recle
748 3639 893 3705 praebent:
917 3641 985 3700 Ouid
999 3637 1054 3702 epti,
1070 3642 1112 3687 eui
1123 3641 1218 3688 muare
1230 3651 1285 3688 me-

122 3727 219 3776 riuiium
231 3727 332 3774 uentris
346 3726 461 3788 percepti
471 3724 561 3785 fames,
578 3724 603 3773 in
618 3724 741 3790 palimps.
757 3729 846 3775 utrum
863 3727 1013 3788 percipit
1032 3737 1065 3772 an
1077 3725 1191 3786 percepit
1204 3722 1284 3773 luerit

122 3810 508 3860 secundumstudemundum
529 3811 664 3861 nonsatis
687 3811 803 3862 discerni
823 3814 920 3875 potest,
951 3823 1115 3874 quamquam
1138 3808 1204 3860 illud
1226 3823 1284 3858 ma-

122 3897 162 3957 gis
180 3895 326 3945 uidebatur
344 3909 403 3946 esse
422 3897 478 3946 ueri
498 3896 595 3945 simile.

226 3981 305 4046 upra.
325 3983 335 4032 1
353 3987 380 4042 a,
401 3975 434 4032 at'
451 3977 522 4046 apte
540 3979 657 4033 Nonium
680 3984 747 4044 (aaa,
769 3985 802 4045 ar
815 3973 943 4033 traditum
962 3983 1016 4030 ou:

228 4069 390 4130 Desipiebam
406 4071 505 4129 meniu
527 4073 585 4119 mm
602 4071 648 4120 iiie
664 4070 764 4133 scripte
781 4067 951 4121 mitiorem
967 4063 1039 4118 titi.

126 4153 190 4204 libri-
206 4154 322 4206 Plautini
339 4154 469 4208 exhibent
486 4157 572 4206 reete:
594 4155 724 4208 mutabam
741 4155 792 4206 tibi.
811 4180 847 4190 -
