3086 5024
289 398 349 476 150
712 395 870 459 Enrrnnvs
893 395 1018 458 Brenn

285 566 501 644 carrionense,
517 565 602 646 quod
613 566 716 646 ipsum
729 565 816 626 altari
828 565 945 628 sciendi
961 565 1061 628 uerbo
1077 565 1256 648 (meminero)
1274 566 1437 646 oppositum

286 679 342 749 est,
369 670 601 736 eenuncliuum
617 667 705 736 uerbi
720 667 891 748 praebeant
913 677 1040 751 eportet.
1081 669 1165 732 Libri
1187 687 1295 733 omnes
1317 685 1439 751 prospe

286 774 385 845 nescio
408 780 507 843 menen
527 771 680 852 praebent
701 790 754 853 epe
778 779 804 834 le
827 779 936 848 tanen,
962 781 1056 854 atque
1079 772 1211 836 dubium
1228 791 1290 834 non
1308 779 1355 834 est
1368 773 1438 850 quin

288 878 391 956 Haupt
401 877 435 955 ¹),
462 876 515 955 qui
538 873 599 941 sub
622 874 761 939 ecdicum
784 876 936 955 scriptura
959 874 1057 941 uerba
1080 894 1151 957 rope
1174 883 1203 936 te
1225 881 1324 936 tannen
1352 874 1439 936 latere

286 978 455 1062 perspexit,
482 996 589 1044 ueram
611 978 772 1044 lectionem
796 976 1000 1058 indegeuerit
1042 981 1108 1044 Non
1130 996 1229 1057 aeque
1252 986 1334 1042 recte
1361 977 1437 1056 lecit,

287 1081 371 1163 qued
394 1090 491 1150 tetum
514 1100 642 1150 uersum
662 1082 709 1146 sic
730 1081 912 1150 restituens:

386 1261 394 1278 .
417 1186 605 1259 Narnienses
622 1185 676 1248 sed
698 1182 964 1264 quidrmeminisse
987 1183 1019 1246 id
1040 1184 1162 1264 referat,
1188 1202 1260 1264 rego
1281 1193 1312 1245 ιε
1334 1191 1438 1246 lemen

288 1297 414 1370 propter
441 1305 588 1353 numeres
616 1285 716 1366 refert
740 1285 959 1365 indicantium,
983 1307 1086 1366 ¹quern
1112 1287 1380 1366 libainprrebent,
1412 1288 1443 1347 in

288 1391 404 1474 reserat
432 1391 665 1458 coniunctiuum
695 1390 838 1456 mutauit.
887 1388 1091 1471 lndieetiuurn
1110 1392 1212 1454 enim
1248 1391 1330 1452 omni
1359 1389 1445 1452 mode

288 1493 478 1556 seruandum
501 1512 570 1556 esse
599 1503 735 1573 apparet.
776 1495 878 1555 Vnum
907 1504 1010 1556 tamen
1041 1504 1104 1571 est,
1138 1493 1223 1573 qued
1252 1503 1357 1556 nostce
1380 1495 1444 1554 iure

288 1596 512 1678 desideremus
535 1595 691 1678 siquidem
715 1595 808 1676 ualet,
827 1597 911 1676 quod
925 1615 995 1678 pag.
1022 1598 1081 1658 lla
1098 1597 1252 1662 diximus:
1279 1597 1312 1660 id
1333 1615 1446 1675 prene-

289 1719 361 1761 men
377 1709 448 1761 ante
471 1699 569 1761 uerba
590 1718 663 1781 repo
687 1707 713 1760 le
736 1709 844 1762 tamen.
886 1701 993 1782 ltaque
1015 1700 1070 1764 uix
1092 1698 1224 1762 dubium
1246 1718 1315 1761 esse
1337 1707 1442 1779 petest,

289 1804 366 1888 quin
389 1802 422 1864 id
442 1820 623 1882 pronomen,
650 1801 739 1881 quod·
757 1801 828 1866 libri
850 1811 921 1866 ante
945 1804 1040 1885 refert
1061 1802 1230 1886 praebent,
1263 1803 1317 1866 ubi
1348 1812 1445 1865 tamen

290 1906 398 1970 eodem
421 1924 516 1970 sensu
538 1906 651 1990 optime
675 1913 798 1968 seruato
821 1905 919 1968 emitti
935 1915 1044 1986 polest,
1071 1925 1169 1988 praue
1191 1908 1223 1966 in
1247 1908 1330 1967 bunc
1351 1907 1446 1968 locum

290 2010 457 2091 irrepserit,
484 2018 577 2090 atque
600 2007 657 2079 boc
680 2027 752 2074 cum
774 2009 907 2072 Lucbsic
934 2009 1046 2091 (Herm.
1073 2011 1112 2075 Vl
1127 2030 1165 2090 p.
1192 2008 1265 2092 269)
1298 2012 1331 2070 in
1359 2029 1447 2072 suum

289 2114 390 2177 locum
415 2113 555 2176 restituto
577 2129 688 2178 uersus
709 2112 754 2176 sic
769 2111 935 2178 ¹sanandus
956 2112 1012 2176 sit:

420 2215 601 2296 licerinum
626 2213 777 2296 reliquid
799 2215 964 2280 meminere
987 2212 1089 2294 refert,
1116 2214 1148 2279 id
1169 2233 1240 2294 rogo
1263 2225 1293 2278 ιε
1316 2223 1423 2280 tanen.

421 2319 447 2399 8)
476 2324 540 2378 Cae.
571 2324 604 2391 V,
639 2329 667 2391 2,
702 2329 738 2382 22
776 2317 858 2400 (752)
892 2325 1046 2396 Postquam
1076 2323 1247 2390 decubuisli,
1285 2325 1350 2384 tine
1387 2324 1449 2382 uelo

949 2427 1111 2492 memorari,
1139 2425 1209 2498 quid
1231 2429 1268 2482 sit
1288 2429 1406 2500 saelum.

292 2525 330 2587 sit
345 2523 562 2586 coniunctiuus
577 2523 723 2605 Gepperti
746 2533 802 2585 est.
844 2527 866 2584 B
882 2524 965 2586 bunc
980 2541 1108 2586 uersum
1124 2524 1261 2602 grauiter
1275 2534 1450 2606 corruptum

293 2628 337 2692 sie
363 2627 507 2710 praebet:
545 2645 729 2688 ...eam
756 2626 886 2693 debuisti
914 2626 999 2693 iader
1018 2627 1084 2690 nole
1113 2643 1282 2692 memorare
1309 2628 1384 2709 quid
1415 2636 1454 2690 est

290 2731 417 2812 factum.
458 2727 520 2792 Sed
543 2747 711 2794 memorare
734 2730 828 2792 actiui
850 2730 1033 2808 infinitiuus,
1066 2748 1160 2808 quem
1190 2729 1260 2790 libri
1289 2731 1448 2810 praebent,

293 2834 498 2912 suspicionem
522 2838 676 2896 mouente
699 2851 867 2912 pronomen
889 2831 1051 2897 excidisse.
1093 2831 1182 2906 Quod
1206 2834 1233 2897 si
1261 2852 1371 2899 uerum
1394 2845 1449 2913 est,

294 2955 404 3006 uersus
426 2937 581 3019 Gepperto
603 2954 679 2999 sane
702 2936 771 3010 ltine
793 2936 973 3015 pronomine
996 2935 1124 3015 probato
1154 2935 1338 3007 scribendus
1368 2949 1447 3000 erat:

398 3023 400 3026 ¹
423 3033 582 3120 Postquam
599 3037 775 3116 decubuisli,
795 3040 864 3100 binc
879 3038 949 3100 uolo
962 3042 1132 3100 memorare
1145 3048 1184 3116 te,
1204 3038 1281 3118 quid
1295 3039 1449 3119 factumst.

294 3143 355 3221 uel,
383 3142 501 3222 siquis
525 3161 596 3204 cum
619 3141 730 3202 Kochie
738 3134 762 3222 ²)
789 3142 839 3203 ulo
862 3140 963 3222 legere
986 3141 1084 3203 malit:

424 3247 585 3326 Postquam
600 3245 776 3322 decubeisti,
795 3243 863 3306 inde
879 3245 930 3306 nlo
946 3248 1115 3306 memorare
1138 3254 1177 3322 ιε,
1204 3245 1280 3324 qnid
1297 3246 1450 3326 fectumst.

295 3336 376 3412 Sane‘
399 3356 519 3410 constal
541 3355 585 3410 est
605 3347 808 3410 indicatiuum
827 3345 1018 3409 seruandum
1042 3367 1119 3428 esse,
1147 3368 1344 3432 quecumque
1366 3347 1455 3413 mede

295 3449 539 3518 claudicantibus
562 3452 699 3514 numeris
723 3468 900 3514 succurrere
924 3451 1070 3515 uolueris.

428 3551 455 3636 9}
482 3560 609 3618 Naeuius
632 3562 671 3615 39
692 3601 698 3614 .
721 3602 726 3616 .
754 3559 810 3628 dic,
836 3575 896 3629 qno
916 3558 1002 3631 pecto
1016 3575 1081 3616 eum
1093 3561 1179 3632 potiti
1194 3549 1299 3639 (sitis),
1322 3575 1455 3632 perperene

878 3661 917 3716 rin
939 3662 1023 3719 dolis.

296 3760 377 3822 Talis
406 3776 519 3830 uersus
548 3761 658 3840 legitur
687 3759 771 3842 apud
792 3758 996 3822 Ribbeclu'um
1026 3761 1057 3820 in
1079 3767 1155 3840 trag.
1182 3758 1340 3840 precedes.
1367 3779 1400 3839 p.
1426 3761 1451 3818 9.

295 3863 378 3926 Libri
401 3864 545 3925 omittunt
566 3859 640 3957 eitra,
665 3871 696 3925 et
717 3884 773 3946 pro
792 3863 939 3946 peynan',
969 3862 1053 3947 quod
1076 3863 1169 3926 Bothe
1196 3859 1337 3940 coniecit,
1363 3881 1456 3946 prae-

367 4106 389 4167 ι)
412 4105 468 4154 rna.
490 4105 552 4153 ιεει.
572 4103 658 4153 ner-01.
679 4107 745 4154 aesc.
768 4108 833 4153 nes
853 4118 878 4168 ρ.
900 4109 924 4152 r.
1039 4087 1042 4094 '
1122 4142 1124 4146 ,

365 4191 389 4253 2)
412 4189 487 4241 Geni.
509 4203 577 4255 quae
597 4191 721 4253 exposuit
739 4191 782 4239 uir
800 4190 895 4239 doetus
913 4189 939 4238 lb
959 4188 1035 4240 laba.
1055 4187 1146 4240 ‘annal
1167 4187 1207 4236 Cl.
1229 4200 1254 4250 p.
1277 4189 1319 4236 05.
