3126 5028
345 423 405 482 122
766 425 922 483 Eorunnrs
946 425 1068 482 Breues.

342 594 482 654 obtinere
510 593 682 674 apparebit.
729 592 832 673 Atque
859 593 1046 656 iudicatiuus
1074 595 1106 654 in
1136 595 1184 656 his
1214 596 1491 674 interrogationibus

342 698 409 758 sine
438 696 533 758 dubio
561 715 601 756 ex
630 715 666 757 eo
695 695 735 757 de
762 715 824 776 quo
853 695 989 759 diximus
1018 698 1188 776 priscorum
1218 697 1322 758 studio
1350 699 1492 777 proiectus

342 809 406 878 est,
443 819 505 879 quo
539 801 706 861 sententias
735 802 777 860 ita
806 801 985 862 continuare
1015 799 1259 879 adamauerunt,
1296 810 1333 862 ut
1359 820 1420 862 uon
1440 812 1492 862 tam

342 904 536 964 enuntiatum
570 902 789 964 secundarium
821 905 968 982 primario
1001 903 1224 982 subiungerent
1257 922 1352 983 quam
1388 905 1493 984 singula

343 1007 500 1066 enuntiata
524 1017 559 1067 ut
580 1008 648 1085 pari
670 1005 816 1085 dignitate
838 1006 976 1086 praedita
1001 1008 1081 1067 inter
1102 1026 1136 1068 se
1159 1005 1384 1086 coordinarent,
1410 1026 1493 1087 prae-

345 1109 448 1169 sertim
480 1127 551 1170 cum
581 1109 640 1170 hue
668 1111 921 1190 interrogationes
951 1111 984 1170 in
1012 1109 1164 1170 diuerbiis
1193 1119 1314 1171 tantum
1349 1129 1493 1171 occurrere

341 1213 478 1292 possint,
512 1214 544 1272 in
567 1211 716 1274 diuerbiis
736 1222 841 1274 autern
864 1213 1028 1293 praecipue
1051 1231 1225 1274 sermonem
1247 1212 1444 1291 cotidianum,
1466 1223 1495 1274 ut

342 1323 390 1375 est
410 1316 511 1375 alacer
532 1323 563 1376 et
585 1314 729 1393 uiuidus,
757 1317 902 1376 maiorem
924 1315 1081 1376 licentiam
1102 1317 1135 1376 iu
1158 1315 1353 1377 conectendis
1377 1325 1494 1377 senteu-

341 1419 392 1480 tiis
414 1428 559 1498 appetere
582 1427 709 1479 constet.
757 1421 862 1498 ltaque
885 1438 976 1479 nemo
999 1417 1170 1497 mirabitur,
1197 1418 1281 1498 quod
1303 1421 1335 1480 iu
1359 1419 1408 1479 bis
1429 1421 1494 1499 ipsis

342 1521 635 1600 interrogationibus
664 1523 893 1583 enuntiatorum
924 1541 1060 1583 conexus
1090 1531 1153 1582 tam
1175 1522 1265 1583 laxus
1287 1531 1372 1602 erat,
1409 1531 1443 1583 ut
1468 1524 1494 1582 iu

343 1625 388 1684 eis
417 1625 612 1704 potissimum
641 1643 708 1686 sero
737 1624 862 1686 demum
892 1625 1087 1687 enuntiatum
1115 1625 1299 1706 primarium
1329 1635 1361 1707 et
1391 1644 1496 1686 secuu-

342 1726 462 1788 darium
486 1726 651 1788 artioribus
675 1728 808 1789 uinculis
831 1729 1097 1808 coniungerentur.
1146 1729 1252 1807 Neque
1275 1746 1360 1805 uero,
1388 1729 1494 1788 utiam

344 1827 499 1908 diximuS,
526 1849 649 1910 semper
671 1829 874 1892 indicatiuum
897 1839 1070 1910 posuerunt
1090 1832 1122 1890 in
1145 1830 1193 1890 his
1215 1830 1495 1908 interrogationibus

340 1933 432 2012 prisci
455 1934 630 2012 scriptores,
656 1932 766 1994 sedin
788 1933 963 1995 adhibendo
985 1943 1040 1994 aut
1060 1932 1227 1994 iudicatiuo
1242 1941 1296 1993 aut
1311 1934 1496 1994 coniunctiuo

343 2045 442 2096 certas
464 2036 547 2116 leges
570 2038 668 2098 secuti
690 2045 781 2097 sunt:
807 2056 879 2098 narn
902 2038 992 2097 certis
1015 2045 1135 2097 tuntum
1152 2034 1385 2097 condicionibus
1402 2045 1497 2097 struc-

347 2148 414 2199 tura
437 2141 620 2218 paratactica
643 2158 735 2200 suurn
757 2140 860 2201 locum
883 2139 1055 2200 obtinebat.

880 2445 907 2528 ι.
938 2447 965 2506 ι.

427 2651 528 2732 Atque
550 2651 686 2732 primum
708 2651 935 2712 iudicatiuo
958 2653 1007 2712 usi
1030 2660 1113 2729 sunt,
1139 2649 1193 2711 ubi
1216 2651 1417 2712 enuntiatum
1439 2653 1499 2731 pri-

345 2758 476 2817 marium
500 2775 570 2817 curn
588 2752 770 2815 secundario
786 2764 849 2815 tam
874 2755 944 2814 laxe
967 2743 1117 2832 cohaeret,
1151 2762 1187 2814 ut
1207 2763 1381 2832 utrumque
1405 2774 1499 2816 enun-

340 2861 448 2921 tiatum
472 2859 535 2919 iere
557 2877 615 2938 per
636 2878 669 2920 se
697 2868 778 2918 stare
801 2857 953 2937 uideatur,
979 2855 1011 2917 id
1033 2855 1115 2936 quod
1139 2874 1172 2916 ea
1189 2865 1311 2917 tanturn
1327 2857 1499 2919 condicione

341 2962 384 3038 fit,
411 2970 446 3021 ut
468 2963 661 3022 enuntiatum
684 2962 864 3042 primarium
888 2961 927 3022 ita
952 2968 1163 3039 comparatum
1186 2960 1235 3037 sit,
1262 2979 1302 3020 ex
1324 2977 1392 3038 quo
1408 2978 1500 3039 appa-

341 3073 407 3124 reat
436 3083 508 3124 eum
537 3065 591 3143 qui
620 3067 786 3143 interroget
814 3082 876 3124 non
907 3062 1066 3141 dubitare,
1098 3063 1173 3142 quin
1197 3061 1273 3122 alter
1296 3064 1500 3142 interrogatus

341 3167 444 3227 statim
474 3184 682 3246 responsurus
711 3168 759 3226 sit.
808 3167 914 3244 ltaque
944 3185 1014 3226 curn
1045 3165 1122 3226 alter
1147 3165 1279 3226 alterurn
1303 3163 1424 3226 directa
1446 3165 1500 3226 iere

341 3270 576 3348 interrogatione
600 3271 755 3349 appellare
776 3270 890 3350 possit,
916 3270 948 3329 in
971 3269 1019 3329 his
1041 3267 1331 3348 interrogationibus
1358 3271 1410 3330 uis
1433 3289 1500 3330 sen-

344 3374 457 3434 tentiae
479 3374 577 3454 posita
600 3382 648 3433 est
670 3374 701 3432 iu
724 3374 792 3452 ipso
815 3373 976 3432 enuntiato
999 3370 1197 3450 secundario,
1223 3371 1413 3450 primarium
1435 3391 1500 3433 uero

341 3477 551 3556 enuntiatum,
589 3475 672 3557 quod
702 3477 728 3536 si
759 3476 942 3535 sententiam
972 3483 1092 3554 spectas
1124 3473 1250 3534 minoris
1273 3477 1428 3536 momenti
1449 3484 1497 3551 est,

340 3581 561 3642 exhortationis
583 3579 646 3639 iere
668 3596 798 3664 munere
820 3579 860 3637 ita
886 3577 1032 3658 iungitur,
1058 3587 1095 3639 ut
1109 3577 1260 3638 sententia
1276 3577 1402 3657 integra
1418 3580 1499 3639 etiarn

342 3683 438 3743 omitti
461 3690 492 3741 et
512 3681 712 3760 subintellegi
734 3682 841 3761 possit.

910 3886 931 3968 Ι)

427 4093 560 4152 Etcum
582 4093 756 4171 imperatiui
779 4093 912 4153 maxime
935 4093 997 4154 siut
1019 4091 1139 4170 idonei,
1172 4092 1226 4172 qui
1249 4090 1315 4151 iere
1338 4091 1500 4171 particulae

342 4194 552 4259 exhortatiuae
581 4197 650 4255 uice
679 4194 867 4276 iungantur,
900 4197 1110 4277 exemplorum
1135 4194 1231 4256 maior
1252 4213 1411 4257 numerus
1433 4213 1501 4255 cou-
