3086 5024
295 429 354 490 172
718 433 876 493 Enmrnvs
898 434 1023 494 Brome.

291 599 524 662 similitudinem
547 621 668 680 eorum,
702 605 755 683 qui
786 604 847 666 huc
870 585 1022 665 referendi
1045 613 1135 678 sunt,
1160 623 1309 666 uersuum
1331 607 1454 666 Plauti-

292 722 402 764 norum
419 706 635 767 Terentianum
660 719 786 767 norsum
802 709 1002 792 corrigamus.
1042 709 1075 768 lu
1091 707 1248 768 nonnullis
1270 695 1353 768 enim
1376 727 1454 769 ner-

293 806 399 884 sibuS,
425 808 457 867 in
480 807 596 887 quibus
618 810 814 890 interrogatio
835 811 876 872 ita
899 810 1055 872 exaltem
1077 811 1236 871 enuntiato
1257 809 1388 890 pendet,
1419 819 1455 871 ut

292 908 466 971 subiectum
489 913 639 972 enuntiati
656 913 863 992 iutenngatiui
878 933 984 974 nornen
999 909 1237 997 προληπτικῶς
1251 914 1282 972 in
1298 913 1454 975 obiectum

291 1013 439 1074 enuntiati
462 1014 599 1092 primarii
621 1024 768 1093 mutetur,
794 1015 919 1077 Plautus
936 1036 1047 1078 nomeu
1063 1016 1285 1097 appellatiuum
1305 1035 1367 1076 non
1390 1015 1455 1077 da-

291 1117 356 1177 tino
370 1115 426 1178 sed
442 1118 585 1197 genetiuo
599 1128 684 1196 casu,
703 1116 816 1180 deinde
831 1136 944 1180 nornen
958 1121 1118 1200 proprium
1134 1121 1324 1181 nominatiuo
1338 1117 1455 1180 addere

291 1219 384 1280 solet:
411 1219 490 1282 llud.
512 1220 611 1280 ll63:
639 1222 770 1301 Loquere
792 1212 899 1282 metris
920 1239 1036 1298 comeo,
1063 1221 1109 1283 tic
1132 1221 1207 1302 quid
1229 1223 1260 1282 ia
1282 1222 1457 1283 securicula

279 1318 565 1403 oeconomorum
601 1325 686 1384 Most.
715 1324 785 1383 ool:
815 1324 937 1403 Dicam,
970 1326 1023 1388 sed
1050 1344 1156 1387 nomen
1183 1325 1297 1385 dommi
1323 1343 1452 1406 quaero,

291 1423 364 1507 qaid
384 1426 450 1485 siet.
480 1425 581 1485 Semel
599 1426 651 1487 ubi
667 1427 862 1505 interrogatio
877 1445 917 1488 ex
932 1428 1114 1508 imperatiuo
1130 1427 1178 1488 dio
1193 1425 1318 1508 pendet,
1344 1425 1458 1488 adiec-

291 1528 356 1587 tino
378 1528 485 1606 utitur,
512 1527 596 1607 quod
618 1529 753 1607 genetiui
775 1548 903 1591 munere
920 1530 1074 1611 iungitur:
1101 1530 1180 1593 llud.
1193 1531 1302 1606 lton:
1331 1531 1397 1608 Dic,
1423 1531 1459 1590 in

293 1629 421 1691 ensiculo
444 1629 516 1711 quid
537 1649 643 1692 nomen
666 1639 710 1693 erl
721 1641 893 1712 paternam.
913 1630 926 1716 ΙΙ
943 1636 1117 1696 Daemones.
1158 1635 1240 1695 llaec
1255 1634 1281 1695 si
1297 1642 1455 1708 tenemuS,

292 1733 358 1794 iure
381 1730 606 1812 dubitabimus,
632 1753 707 1796 uum
723 1746 826 1798 nostro
841 1735 915 1814 loco,
942 1736 997 1799 ubi
1019 1754 1124 1798 acmen
1138 1755 1211 1813 nox,
1238 1745 1274 1798 ut
1294 1755 1333 1796 ex
1356 1755 1458 1796 uoca-

292 1834 436 1897 bulorum
459 1835 654 1897 collocatione
677 1837 787 1916 elucet,
814 1858 852 1898 ex
875 1839 924 1900 dic
945 1839 1127 1920 imperatiuc
1142 1838 1271 1919 pendet,
1294 1847 1382 1918 poeta
1400 1838 1459 1898 libr?

290 1956 396 1998 nomen
418 1956 473 2018 pro
497 1945 580 1998 tuum
603 1957 708 2000 orrmea
730 1941 895 2020 scripserit.
937 1943 1043 2020 ltaque
1065 1943 1195 2004 lortasso
1218 1951 1272 2003 aut
1293 1943 1325 2001 in
1344 1940 1458 2000 Fleck-

290 2041 386 2101 eiseui
408 2041 558 2120 scriptura
582 2043 622 2102 ita
646 2042 904 2122 acquiescendum
927 2054 984 2121 est,
1011 2054 1046 2106 ut
1067 2044 1142 2126 quid
1162 2062 1340 2124 pronomen,
1369 2043 1460 2122 quod

291 2141 315 2203 A
338 2144 477 2223 praebet,
503 2153 661 2206 seruetur:

419 2233 456 2306 m
468 2254 591 2325 praeter
606 2267 698 2328 spem.
718 2245 731 2331 ΙΙ
750 2249 792 2310 Tri
807 2256 892 2310 trium
907 2247 957 2310 dic
972 2253 1096 2327 nomen,
1115 2248 1191 2329 qnid
1202 2250 1252 2311 sit.
1273 2247 1285 2332 ΙΙ
1301 2248 1456 2309 Phormio.

291 2358 344 2409 aut
366 2350 392 2409 si
409 2350 479 2428 quis
496 2349 535 2409 ad
558 2369 626 2410 eam
651 2351 817 2412 uerborum
841 2350 1080 2429 collocationem,
1107 2353 1234 2431 quaein
1250 2351 1337 2413 libris
1354 2362 1456 2428 extat,

289 2453 417 2531 propius
440 2451 587 2513 accedere
610 2454 703 2531 uolet,
730 2453 863 2514 scribat:

422 2540 457 2615 lit
478 2563 603 2636 praeter
625 2574 717 2636 spem.
737 2553 749 2638 ΙΙ
768 2555 810 2617 Tri
832 2565 916 2618 tuum
933 2576 1045 2618 nomen
1060 2556 1111 2618 dio
1125 2551 1244 2642 (mihi),
1263 2555 1338 2636 quid
1355 2558 1407 2618 sit.
1430 2555 1444 2638 ΙΙ

859 2661 1006 2721 Phormio.

335 2761 362 2841 2)
391 2767 492 2822 Heaut.
521 2772 578 2823 662
609 2764 678 2838 (llll,
709 2772 736 2834 l,
766 2767 813 2838 ta)
841 2768 951 2822 Nomen
985 2769 1095 2823 mulieri
1127 2768 1200 2824 cedo
1235 2767 1304 2839 quid
1338 2769 1384 2836 sit,
1429 2777 1461 2822 ut

858 2880 1020 2942 queantur.
1041 2863 1053 2947 ΙΙ
1069 2871 1214 2926 Philterae.

290 2969 335 3028 sic
358 2985 482 3028 uersum
499 2966 625 3044 Bentley
648 2968 781 3046 scripsit.
822 2968 1016 3029 MULIERIS
1031 2967 1159 3047 praebet
1174 2967 1199 3028 Α
1216 2987 1287 3029 cum
1304 2965 1456 3046 reliquis;

292 3071 390 3144 QUID
405 3067 484 3145 ΑΒΕ,
492 3070 522 3145 P,
547 3069 592 3152 cd
604 3071 639 3147 D,
666 3069 745 3150 quod
760 3069 890 3146 GEF2G;
918 3067 1141 3131 PKILTDRAE
1154 3070 1190 3148 A,
1215 3069 1338 3150 pbilterc
1360 3069 1457 3148 DEG,

290 3172 407 3250 filleina
431 3172 531 3232 BGFP.
558 3172 731 3234 Fleckeisen
756 3173 895 3250 scripsit:

419 3275 534 3334 Nomen
558 3275 692 3336 mulieris
716 3274 790 3336 cedo
813 3273 896 3354 quod
918 3277 967 3353 sit,
993 3283 1028 3337 at
1049 3284 1228 3356 quaeratur.
1249 3271 1262 3356 ΙΙ
1278 3275 1430 3336 Ρὴὶἰίθνα.

291 3379 425 3439 Primum
449 3378 487 3437 sit
508 3379 714 3456 coniunctino,
742 3396 834 3456 quem
860 3378 929 3438 libri
945 3396 1051 3438 omnes
1067 3376 1227 3456 praebent,
1255 3378 1463 3438 confirmatur

289 3501 394 3542 reomao
431 3482 644 3542 accusatiuum
674 3500 743 3542 esse
778 3491 809 3541 et
837 3501 876 3541 ex
906 3480 977 3542 cedo
1007 3481 1189 3558 imperatiuc
1218 3477 1462 3563 προληπτικῶς

291 3584 442 3664 pendere;
477 3602 547 3643 nam
579 3584 667 3644 aliter
697 3582 863 3645 indicatiuo
889 3584 944 3644 soli
977 3583 1062 3645 locus
1090 3593 1182 3646 esset.
1224 3582 1340 3644 Eadem
1364 3582 1461 3660 igitur

291 3689 424 3764 ratione,
451 3705 512 3765 qua
537 3696 570 3748 ut
593 3686 714 3747 Phorm.
743 3687 824 3746 l0l8
849 3693 931 3746 latrem
955 3705 1060 3748 acmen
1084 3686 1292 3746 scriberemus
1313 3684 1457 3764 cogeba-

291 3809 369 3868 mur,
397 3808 435 3849 ne
459 3790 592 3850 milliaris
614 3792 790 3868 genetiunm
813 3790 844 3848 in
868 3790 989 3851 mulleri
1010 3789 1152 3850 datiuum
1169 3797 1325 3850 mutemus
1342 3787 1459 3866 probi-

291 3893 411 3954 bemur.
460 3891 576 3952 Deinde
605 3911 666 3953 non
695 3892 818 3970 dubito,
852 3895 927 3971 quin
959 3893 1094 3954 Plrllleru·
1124 3891 1350 3959 nominatiuum
1380 3909 1459 3950 cum

290 3995 485 4056 Fleckeiseno
507 3995 660 4073 corrigere
683 4014 762 4074 opus
784 3994 833 4072 sit,
860 3994 943 4074 qnod
966 4005 996 4055 et
1016 3996 1140 4056 Plautus
1163 3995 1255 4054 iniis
1279 4012 1357 4071 qrros
1380 3992 1460 4054 lau-

291 4097 436 4159 danimns
458 4095 602 4157 uersibus
632 4097 720 4177 (llud.
744 4099 835 4158 ttae.
859 4097 952 4177 lilio)
981 4097 1204 4158 nominatiuum
1221 4097 1355 4158 nominis
1376 4115 1475 4182 pro—¹

290 4202 348 4286 prii
372 4203 535 4283 usurpauit
557 4216 658 4282 neque
683 4203 804 4262 numeri
822 4201 995 4262 Terentiam
1013 4201 1084 4261 huic
1098 4198 1274 4260 lenissimae
1296 4199 1461 4260 mutationi
