3176 5028
534 408 736 478 Qrtusrroaus
759 427 912 470 amatura.
1260 407 1300 468 rt

134 581 178 642 hil
207 580 355 661 impedit,
393 581 559 660 quominus
587 585 699 660 quouis
729 585 788 646 alio
817 580 908 642 modo
936 578 1056 642 hiatum
1086 580 1298 660 expellamus3

135 684 226 745 uelut
249 702 312 744 uon
334 684 437 767 inepte
461 685 584 777 scripsit
605 688 746 751 Buthius:

268 778 381 849 Auidio
403 804 554 874 repertam
577 786 727 881 (autina)
749 789 868 872 pleuam
891 788 964 850 auti
983 785 1101 849 Euclio.
1124 821 1168 834 -

225 889 297 952 Cas
324 909 387 972 arg.
415 895 426 953 i
456 900 555 960 suasit
576 895 761 959 Ritschelius
788 891 847 974 (op.
874 889 900 949 Il
921 907 953 968 p.
980 887 1066 968 libi:

273 993 457 1058 Coasiruom
478 1017 610 1062 uxorem
632 997 771 1060 obtserui
793 992 984 1076 impetant
1004 993 1084 1053 dui.

137 1111 211 1156 curn
233 1096 266 1156 in
291 1096 378 1160 libris
400 1100 440 1161 sit
461 1101 623 1164 traditum:
654 1101 836 1162 Conseruere
858 1113 988 1158 uaorem
1003 1092 1061 1156 dio
1080 1093 1219 1155 cauata
1239 1094 1302 1154 ia-

133 1206 244 1278 petunt
251 1220 261 1276 ,-
288 1201 314 1260 si
337 1204 544 1268 remouendus
566 1215 614 1268 ost
634 1205 747 1280 hiatus,
774 1200 878 1262 malim
901 1198 1049 1262 uocularu
1066 1197 1201 1276 aliquam
1216 1196 1301 1260 inse-

137 1319 217 1380 rere,
244 1302 332 1366 uelut
353 1324 438 1367 aaa.
467 1343 505 1354 -

226 1404 297 1466 Cas.
323 1407 413 1486 1112,
441 1411 481 1472 20
512 1411 546 1474 C.
573 1411 604 1472 F.
631 1410 667 1473 G.
694 1408 858 1471 Muellerus
893 1405 945 1489 (rt.
978 1404 1025 1465 Pr.
1057 1422 1089 1483 p.
1117 1401 1189 1485 554)
1221 1422 1300 1485 pro-

135 1507 256 1585 posuit:

268 1613 395 1692 Prbpter
417 1633 538 1694 operam
562 1615 642 1677 iliius
664 1614 769 1695 hirqui
789 1613 919 1675 edentuli
939 1609 1106 1691 improbi
1128 1611 1242 1672 sealt.

138 1730 189 1790 ea,
216 1731 297 1792 quae
319 1714 485 1778 traduntur
511 1716 668 1778 inlibris:
703 1719 830 1797 Propter
856 1732 980 1796 operam
1010 1713 1088 1774 iilius
1116 1711 1220 1793 hirqui
1239 1712 1303 1772 im-

135 1814 228 1894 probi
243 1815 375 1880 edentuli
395 1818 579 1880 Ritscheiius
601 1821 643 1880 ita
666 1817 814 1880 studebat
835 1825 1018 1894 sustentare,
1044 1824 1081 1876 ut
1099 1814 1301 1876 cum-Weisio
1426 1821 1429 1826 '

138 1926 229 2000 atque
251 1929 323 1980 ante
351 1920 482 1983 edentuli
502 1921 664 2000 insereret,
698 1905 779 1982 idem
807 1938 908 2000 nuper
935 1916 1057 1981 addidit
1084 1917 1220 1998 hirquini
1246 1933 1302 1994 pro

138 2021 251 2102 birqui.
294 2023 468 2104 Geppertus
495 2033 599 2086 autem
627 2025 751 2086 omnino
779 2023 857 2084 nihil
884 2019 1069 2084 mutandum
1099 2037 1167 2082 esse
1189 2019 1302 2081 existi-

137 2125 247 2186 mouit.

225 2416 260 2475 ln
291 2415 359 2476 aliis
384 2417 532 2479 uersibus
555 2418 703 2482 librorum
727 2418 872 2480 memoria
896 2417 963 2476 sine
985 2415 1048 2477 ulla
1070 2434 1163 2477 causa
1186 2424 1302 2478 mutate

136 2527 196 2596 est,
223 2518 322 2580 ueluti
345 2517 429 2598 quod

226 2617 338 2700 Amph.
365 2621 443 2700 prol.
472 2624 530 2683 404
555 2624 677 2703 scripsit
692 2626 846 2684 Lomanus
873 2620 1009 2704 (specim.
1029 2621 1180 2686 crit-litt.
1198 2637 1230 2698 p.
1250 2619 1296 2701 il:

270 2725 339 2784 iam
361 2743 413 2805 epo
436 2727 489 2788 uba
511 2727 630 2787 uouisse
652 2725 750 2806 addo,
776 2734 812 2788 ut
832 2728 873 2787 sit
889 2727 1009 2807 pate'r
1031 2722 1146 2785 metis.

137 2845 212 2888 nam
236 2824 309 2899 libri
330 2825 482 2905 praebent
503 2836 599 2889 recte:
628 2831 707 2890 Nam
729 2847 781 2909 epo
804 2831 858 2888 aba
879 2829 1001 2899 uouisse
1022 2825 1109 2887 credo
1132 2826 1195 2886 iam
1216 2831 1250 2885 ut
1264 2825 1304 2887 ait

135 2931 228 3009 pater
249 2945 342 3006 metu,
369 2931 429 2990 nisi
453 2929 537 3008 quod
566 2931 598 2990 in
625 2931 686 2991 fine
709 2931 821 2992 melius
850 2928 995 2990 scribitur
1016 2946 1086 2989 oum
1108 2927 1303 2988 Fleckeiseno

138 3047 224 3091 autes
245 3038 350 3110 poter,
385 3050 446 3111 qua
473 3033 688 3094 emendatione
710 3042 742 3094 et
763 3033 883 3094 numeri
906 3030 1081 3093 redduntur
1102 3030 1302 3110 elegantiores

138 3141 172 3193 et
192 3133 328 3193 usitatus
351 3134 520 3196 uerborum
542 3134 616 3197 ordo
638 3137 820 3196 restituitur.
845 3169 886 3184 -·-

227 3233 318 3313 Epid.
351 3237 376 3296 V
406 3238 435 3316 i,
463 3239 502 3298 i8
533 3237 750 3299 Fleckeisenus
779 3237 811 3298 in
839 3237 928 3297 lahni
957 3234 1068 3297 Annal.
1103 3237 1168 3298 LXI
1195 3254 1226 3315 p.
1261 3235 1301 3298 27

137 3338 313 3417 proposuit:

272 3432 414 3520 ‘Epidica
432 3442 540 3522 fatedr.
579 3440 639 3502 Abi
651 3443 729 3503 iutro
745 3460 782 3502 aa
797 3441 868 3502 bulo
883 3441 1021 3522 calefieri
1041 3443 1181 3522 aquarn
1203 3439 1299 3502 iube.

13 3547 15 3560 '
139 3541 196 3603 sed
219 3540 304 3621 quod
326 3541 459 3604 traditur
487 3545 520 3605 in
550 3545 652 3606 libris:
685 3540 820 3624 ‘Epidice
842 3541 953 3623 sateir.
994 3539 1052 3604 Ati
1073 3544 1152 3603 iutro
1175 3560 1212 3602 oc
1234 3539 1303 3604 iube

13 3719 14 3722 Ἴ
140 3644 211 3704 buia
233 3646 347 3723 aquira
370 3644 519 3725 calefieri,
546 3649 613 3708 sine
635 3645 731 3707 dubio
754 3644 951 3707 retinendum
965 3653 1022 3722 est,
1049 3652 1080 3704 et
1102 3645 1128 3704 si
1143 3643 1220 3724 quid
1243 3644 1301 3705 erit

139 3746 333 3824 nouandum,
359 3747 472 3810 melius
494 3768 565 3811 cum
588 3750 621 3810 C.
648 3749 680 3809 F.
707 3749 743 3809 G.
768 3748 912 3810 Muellero
940 3747 990 3830 (Pl.
1016 3748 1063 3807 Pr.
1089 3766 1121 3827 p.
1142 3749 1192 3825 46)
1220 3749 1301 3810 sori-
1327 3811 1332 3818 ,

137 3849 232 3912 betur
255 3851 267 3911 i
287 3869 343 3929 pro
366 3851 477 3934 obiti).
506 3887 544 3902 -

271 3955 350 4015 Men.
371 3955 446 4016 689:
477 3953 548 4017 Trite
570 3954 649 4016 ultro
672 3955 715 4016 ad
728 3974 775 4016 mc
797 3955 935 4030 diluisti,
961 3956 1036 4017 douo
1058 3955 1134 4018 atti
1154 3953 1307 4018 dedisti

559 4059 648 4118 edm.

140 4161 184 4228 sic
206 4158 306 4223 uerba
329 4163 521 4246 transposuit
542 4159 742 4238 bitschelius3
768 4161 801 4221 in
824 4160 912 4224 libris
934 4159 1079 4228 omnibus
1100 4168 1163 4225 esti
1200 4159 1306 4226 dedisti
