3126 5028
383 446 425 504 lla
449 465 642 506 nurnnorrrrs
665 465 780 506 rrnvtrs
803 448 965 506 Pmrrmrs.
1198 445 1255 504 107

98 619 229 698 positam
256 634 326 678 esse
355 617 533 693 euincatur;
567 636 678 696 nempe
708 617 801 678 talem
829 617 889 681 sibi
919 617 1008 678 linxit
1035 625 1174 696 poetam,
1207 616 1262 695 qui

99 729 175 781 totas
198 737 339 797 scaenas,
366 720 483 800 quibus
505 738 554 781 res
578 728 716 799 agantur,
743 720 887 794 omiserit,
913 719 1009 781 uerba
1037 717 1152 798 quibus
1174 717 1261 780 indi-

98 832 215 900 centur,
260 823 336 882 mira
375 823 564 903 neglegentia
602 823 759 901 receperit.
810 821 983 901 Ladewigio
1019 821 1058 884 de
1096 822 1261 882 minatione

96 925 262 987 Muellerus
292 924 465 988 adsentitur
492 925 718 1006 Epidicumque
745 925 975 1006 imprudentem
998 923 1096 986 luisse
1124 924 1256 1002 disserit,

96 1029 121 1088 si
143 1029 248 1088 minas
271 1027 410 1088 elocutus
433 1037 524 1103 esset,
551 1047 631 1108 quae
654 1047 777 1090 ornnem
807 1027 933 1090 modum
961 1027 1159 1088 excederent.
1200 1027 1262 1088 Sed

97 1129 226 1191 ubinam
251 1141 325 1192 sunt
346 1132 423 1192 istae
445 1129 603 1192 inauditae
618 1133 742 1192 minaei
765 1133 803 1192 Vt
818 1132 902 1192 enim
918 1130 1051 1210 exempli
1066 1131 1163 1210 gratia
1180 1129 1261 1191 dioi-

97 1243 156 1310 tur,
186 1233 338 1311 ,aliquem
360 1234 427 1292 iure
449 1233 580 1294 iurando
603 1234 749 1313 abigere‘,
776 1235 821 1294 sic
842 1233 912 1306 lepo
934 1233 1063 1294 hicnon
1085 1233 1179 1293 alium
1203 1251 1261 1294 nec

97 1354 128 1394 se
150 1333 208 1396 sed
232 1343 328 1413 caput
349 1353 440 1396 suum
464 1336 569 1414 alligat
590 1339 610 1396 l.
630 1357 656 1397 e.
685 1357 732 1414 ,er
754 1345 832 1398 setzt
856 1337 964 1397 seinen
986 1334 1066 1414 Kopi
1086 1334 1178 1397 dalttr
1196 1336 1259 1396 ein‘

96 1438 146 1498 uel
177 1457 226 1514 ,er
255 1437 446 1516 behauptet‘.
495 1439 651 1502 Dilllcilior
677 1439 717 1501 ad
746 1438 1013 1518 interpretandum
1042 1440 1120 1499 alter
1149 1455 1261 1500 uersus

97 1549 156 1600 est:
185 1559 262 1601 nam
286 1539 369 1618 qued
384 1543 483 1621 primo
503 1541 610 1604 obtuto
625 1544 781 1604 continere
803 1541 936 1620 uidetur,
963 1542 1110 1602 simulare
1127 1542 1261 1602 inuitum

97 1643 242 1704 lenonem
266 1642 326 1703 sibi
349 1646 509 1722 pecuniam
534 1645 666 1706 solutam
689 1663 758 1706 esse
772 1629 836 1724 'pro
857 1645 908 1704 illa
931 1662 1033 1721 serua,
1059 1661 1153 1722 quam
1170 1645 1262 1705 Stra-

96 1746 247 1825 tippocles
271 1764 355 1806 nuno
377 1745 520 1825 adducat,
548 1746 580 1809 id
605 1757 724 1826 poetam
748 1747 850 1809 dicere
865 1766 926 1808 non
941 1748 1080 1825 potuisse
1095 1746 1261 1808 Muellerus

95 1849 230 1926 monuit,
265 1851 338 1928 quia
367 1867 425 1910 nec
453 1850 555 1910 lenoni
577 1869 635 1912 nec
663 1850 787 1912 duobus
817 1849 945 1912 senibus
968 1849 1007 1912 de
1030 1867 1065 1910 ea
1089 1846 1260 1929 quidquam

96 1961 263 2014 constaret.
303 1952 445 2014 Attamen
468 1961 573 2014 contra
595 1952 793 2030 Muellerum,
827 1954 880 2032 qui
910 1953 965 2013 bos
994 1971 1119 2032 quoque
1148 1971 1260 2015 uersus

95 2054 252 2117 eiciendos
282 2074 352 2116 esse
381 2073 478 2135 praue
500 2065 633 2134 censet,
652 2075 762 2116 moneo
789 2057 833 2116 sic
861 2057 965 2136 potius
994 2054 1260 2135 interpretandum

95 2175 178 2218 esse:
210 2158 294 2235 ,leno
316 2157 392 2220 falsa
416 2159 558 2237 opinione
580 2158 748 2238 perductus
772 2159 837 2220 suis
857 2156 963 2220 uerbis
986 2159 1120 2236 speciem
1143 2176 1262 2238 prouo-

97 2259 193 2339 cabit,
228 2262 320 2340 quasi
349 2262 417 2340 ipse
439 2260 472 2322 id
494 2247 655 2340 argentum
677 2262 838 2341 acceperit,
864 2260 948 2340 quod
970 2279 1003 2321 re
1025 2279 1099 2322 uera
1123 2259 1262 2322 danistae

96 2364 234 2425 solutum
258 2365 316 2425 erit
338 2383 393 2443 pro
416 2365 477 2442 ille,
505 2382 585 2443 quae
609 2373 710 2426 mcum
733 2363 865 2424 adducta
888 2381 972 2424 nuno
994 2364 1069 2427 ests

181 2485 347 2564 Perspecto
377 2483 485 2545 fraude
515 2484 700 2564 Periphanes
730 2483 893 2562 Epidicum
922 2493 958 2544 ut
985 2485 1109 2561 puniat,
1149 2483 1263 2544 relictis

98 2587 247 2648 omnibus
270 2586 365 2648 rebus
390 2606 422 2648 se
446 2588 660 2666 quaesiturum
683 2606 751 2647 esse
774 2585 939 2647 adseuerat
969 2597 1026 2665 tus
1054 2587 1126 2646 500.
1153 2588 1200 2664 lv,
1229 2590 1258 2663 2,

98 2690 147 2770 35(
175 2708 279 2768 eaque
303 2708 336 2750 re
358 2691 496 2769 occupati
520 2708 609 2750 senes
633 2690 725 2768 paulo
747 2699 817 2767 post
839 2687 1059 2750 describuntur
1080 2688 1136 2769 (us
1158 2689 1264 2748 650-

99 2794 169 2852 663.
197 2793 234 2870 V,
263 2794 293 2869 2,
323 2791 457 2872 l-ll);
491 2802 596 2870 postea
626 2810 700 2853 uero
729 2790 897 2870 Apoecides
927 2790 1100 2870 contendit,
1135 2811 1168 2852 se
1190 2809 1261 2851 oum

97 2895 271 2974 Periphane
295 2895 481 2956 Telestidem
503 2896 697 2973 quacsiuisse
725 2893 795 2974 (700
820 2913 867 2974 sq.
893 2895 928 2968 V,
956 2896 985 2971 2,
1013 2894 1064 2955 52.
1090 2896 1165 2975 sq.):

228 3014 303 3074 700.
352 3013 463 3095 Apoec.
493 3003 560 3075 ‘At'o
593 3023 625 3076 tu
660 3021 685 3075 te
718 3015 801 3077 illics
829 3015 979 3074 inuenisse
1010 3013 1132 3094 silicml
1169 3013 1258 3094 Epid.

729 3119 839 3178 Inueni
861 3120 889 3178 c't
910 3116 1026 3178 domist.

230 3235 305 3298 702.
332 3233 442 3314 Apoec.
494 3237 629 3311 erdmce
665 3237 749 3298 bodie
781 3256 836 3317 per
872 3236 977 3298 urbem
1007 3246 1132 3318 uterque
1161 3237 1265 3300 sciolus

727 3337 839 3416 defessi
858 3341 1028 3418 quererere?

228 3459 304 3518 703.
331 3456 421 3536 Epid.
488 3453 559 3538 'Epo
597 3475 664 3518 sum
702 3455 835 3534 defessus
872 3460 1023 3538 reperire,
1067 3462 1120 3519 uos
1158 3458 1266 3538 defessi

729 3577 885 3638 quaerere.

99 3681 173 3740 Eam
197 3679 441 3760 discrepantiam
462 3668 628 3742 Muellerus
650 3677 737 3738 Botbi
767 3678 929 3757 sagacitate
960 3675 1079 3736 dudum
1109 3649 1263 3738 sublatam

99 3801 167 3844 esse
201 3782 322 3844 iudicat
354 3783 519 3844 scribentis
559 3800 629 3841 cum
661 3777 799 3842 Acidalio
835 3797 958 3859 quemne
996 3777 1052 3858 (us.
1095 3777 1167 3861 702(
1208 3799 1264 3858 pro

100 3905 228 3966 quamne
261 3894 293 3944 et
321 3903 433 3945 uersus
463 3882 534 3946 702.
565 3882 638 3942 703.
670 3884 714 3962 (V,
742 3883 772 3958 2,
799 3882 849 3940 54.
878 3879 928 3961 55)
955 3889 1026 3942 ante
1049 3899 1097 3940 us.
1125 3884 1186 3942 608
1216 3884 1260 3963 (V,

101 3990 129 4067 2,
156 3988 207 4072 50)
237 3987 483 4067 transponentis,
509 3994 545 4046 ut
566 3985 616 4045 hic
638 3983 712 4045 ordo
734 3985 892 4045 existeret:

237 4105 352 4188 (Epid.)
380 4098 448 4167 'Aoi
468 4105 553 4165 modo
576 4108 665 4164 intro.
699 4103 817 4180 Peripb.
856 4104 914 4163 Hei
935 4101 1006 4163 rute
1028 4121 1087 4163 coc
1110 4106 1265 4164 temerasti

523 4207 654 4268 ddseruo
678 4206 779 4282 utone,
805 4200 976 4284 Apoecides.
