3086 5024
299 449 341 509 De
364 435 494 510 Sacrum
516 449 796 508 Inrennocirronve
818 444 1020 516 Onnomnve.
1180 442 1242 503 219

209 623 258 682 lto
281 639 346 682 eccm
368 629 498 698 concite,
526 619 769 700 Periptecomene,
795 624 829 677 nt
850 617 997 694 nesciam,

208 725 318 785 Vtrum
340 743 386 785 nte
409 723 602 804 emposteioa‘e
625 730 721 784 tecum
744 737 867 801 aequom
890 720 958 797 siet,

209 825 270 905 An,
296 829 324 889 si
345 829 436 888 istaec
458 843 517 886 eoa
539 833 583 888 est
605 825 693 899 hoec,
719 842 814 904 neque
842 823 916 884 hirec
943 822 993 903 [an
1022 839 1101 902 quoe
1119 819 1239 902 prinei]

622 928 721 989 meost
742 927 825 1003 milti,

212 1031 277 1092 Tibi
298 1033 487 1112 eoepaeripnre
509 1047 555 1092 me
578 1031 652 1093 hoec
674 1028 818 1090 uideatur
840 1030 977 1108 aequites.

85 1133 137 1194 sed
159 1144 243 1196 totus
267 1134 352 1194 locus
369 1133 498 1195 liberius
515 1153 531 1194 a
548 1133 714 1194 Ritschciic
730 1140 897 1211 temptatus
913 1128 1043 1191 necdum
1060 1137 1242 1208 persecatus

85 1255 148 1298 esse
169 1234 309 1298 uidetur.
764 1242 767 1250 '

167 1341 328 1400 Praeterea
351 1341 382 1400 in
399 1339 523 1402 duobus
539 1340 691 1420 exemplis
714 1338 928 1399 coniunctiuus
950 1334 1096 1396 inuitis
1121 1333 1243 1394 iibris

85 1442 294 1505 restituendus
317 1443 391 1503 erit:

127 1544 152 1626 t)
179 1552 221 1606 Pl.
248 1553 337 1606 Mero.
366 1555 420 1608 i3t
455 1547 498 1621 (ΙΙ,
528 1555 558 1618 3,
586 1543 635 1626 95)
662 1547 698 1604 At
724 1565 785 1620 epo.
805 1541 817 1624 ii
836 1546 911 1613 Quin
935 1563 1000 1618 epo,
1027 1549 1153 1618 inquom,
1171 1538 1243 1625 iidie

605 1645 616 1670 '
700 1652 803 1719 nescis,
830 1650 901 1720 quid
922 1651 1048 1706 dictores
1070 1665 1151 1706 sum:

82 1769 144 1812 som
167 1751 320 1830 praebent
343 1748 433 1827 BGD;
460 1751 519 1812 sim
541 1754 562 1811 F
584 1759 675 1828 reete,
702 1758 738 1811 ut
759 1747 893 1810 uidetur.

123 1854 150 1936 2)
178 1859 237 1916 Mil.
268 1862 347 1916 tert
376 1859 447 1930 (1111,
475 1863 505 1929 i,
533 1851 583 1934 87)
783 1858 845 1912 Non
869 1857 966 1930 edepol
987 1865 1017 1912 tc
1039 1859 1103 1925 scis,
1131 1857 1240 1924 melier,

610 1960 755 2029 Quantum
771 1977 820 2031 epo
837 1959 970 2015 honorem
985 1977 1060 2016 neno
1075 1961 1120 2016 titt
1133 1958 1238 2015 habeo.

82 2060 150 2120 item
174 2061 280 2121 nescio
301 2079 341 2120 an
364 2059 489 2120 habeam
521 2059 737 2120 coniunctiuus
764 2066 867 2118 contra
892 2057 965 2118 BGD
993 2057 1141 2118 librorum
1171 2077 1242 2118 me-

82 2163 206 2222 moriam
231 2160 442 2223 restituendus
465 2162 514 2222 sit.
1092 2154 1096 2162 ’

165 2265 311 2344 Inprimis
326 2263 461 2344 denique
476 2262 601 2325 notandi
617 2273 690 2324 sunt
704 2263 822 2342 aliquot
839 2283 960 2343 uersus,
987 2263 1041 2326 ubi
1059 2263 1121 2326 duo
1136 2285 1243 2327 enun-

86 2368 156 2428 tiata
179 2367 362 2430 secundarie
386 2388 425 2429 ex
448 2367 556 2428 eodem
578 2367 737 2427 enuntiato
758 2368 905 2445 primario
925 2369 1071 2450 pendent,
1104 2376 1135 2434 in
1161 2398 1245 2458 quo-

88 2489 154 2530 rum
178 2472 350 2552 posteriore
365 2469 553 2532 indicatiuus
576 2479 669 2546 extet,
696 2471 840 2549 quamuis
856 2473 1019 2549 praecedat
1032 2479 1246 2547 coniunctiuus

81 2573 109 2632 in
134 2576 251 2653 priore:

129 2677 153 2757 t)
182 2684 249 2737 Ter.
276 2681 364 2736 Andr.
387 2685 445 2738 649
469 2677 537 2757 (1111,
569 2684 595 2748 t,
623 2676 671 2758 25)
701 2681 821 2736 Hebeoe.
855 2673 868 2759 Η
895 2683 1043 2740 Habeam?
1070 2688 1107 2742 eit
1136 2694 1239 2764 nescis,

742 2785 856 2854 quantis
874 2787 905 2840 in
919 2785 1002 2841 molto
1018 2804 1120 2846 uorser
1142 2795 1238 2866 miser,

699 2886 884 2958 Quantasque
900 2887 945 2944 hic
960 2891 1019 2946 eois
1031 2894 1156 2950 consiliis
1171 2898 1243 2954 miti

743 2988 878 3046 eenssauit
900 2993 1116 3050 sollicitudines!

85 3087 224 3168 (confecit
245 3088 412 3163 BGDEGP3
438 3087 592 3149 Donatus:
627 3087 782 3169 recusent]
810 3089 932 3169 Lepiter
954 3099 983 3152 et
1003 3092 1242 3171 constectus

81 3200 110 3250 et
131 3190 234 3252 idem:
260 3193 320 3252 »Et
335 3208 403 3250 cent
425 3209 566 3251 uersor
586 3191 754 3270 protulerit,
782 3191 976 3271 conficiet
997 3193 1098 3258 debuit
1112 3199 1237 3278 inferre.

81 3296 224 3375 Euterpe
248 3282 491 3367 ἀνακόλουθον,
522 3301 556 3354 ut
577 3300 621 3354 est
643 3293 716 3354 illud
742 3291 812 3374 (illl,
839 3295 869 3373 3,
890 3295 930 3354 38
946 3295 1007 3376 sq.)
1035 3287 1241 3382 Principio

81 3397 199 3457 amico
222 3393 354 3472 silium
378 3396 622 3471 restitueris,
649 3395 718 3456 tibi
734 3415 922 3476 ,ponerent
944 3395 1103 3476 ft'rmem
1127 3411 1160 3464 et
1181 3402 1239 3481 fi-

82 3499 162 3560 tice
185 3500 358 3560 inuenies
380 3497 555 3578 cerame).

163 3604 272 3681 ltaque
302 3602 334 3660 iu
364 3601 421 3661 hoo
449 3600 589 3680 exemplo
617 3601 760 3682 conticuit
791 3601 852 3677 (uel
875 3600 1011 3682 confecit)
1038 3604 1238 3669 indicatiuum

79 3713 237 3786 umquam
254 3703 436 3765 anacolutho
452 3702 586 3783 quodam
603 3703 763 3765 modorum
779 3712 872 3764 erunt
885 3706 937 3783 qui
954 3723 1104 3768 excusare
1120 3727 1240 3771 conen-

80 3815 137 3868 tur.
165 3809 248 3868 Sane
260 3808 290 3866 in
302 3808 469 3885 posteriore
482 3808 640 3867 enuntiato
655 3806 839 3869 secundario
854 3808 934 3868 iusta
950 3815 981 3868 et
995 3810 1117 3888 propria
1133 3821 1240 3875 struc-

80 3917 147 3970 tura
171 3909 301 3970 fortasse
325 3927 360 3969 eo
383 3908 503 3969 facilius
525 3909 643 3988 neglegi
668 3917 795 3988 poterat,
832 3928 902 3970 cum
926 3909 958 3970 id
980 3910 1020 3972 ad
1042 3914 1238 3979 retinendum

80 4012 284 4073 indicatiuum
302 4010 370 4072 ideo
379 4013 563 4090 propensius
575 4029 644 4072 esse
658 4012 827 4090 uideretur,
846 4013 919 4092 quia
931 4014 971 4075 ad
984 4016 1238 4082 exclamationem

79 4133 174 4193 prope
197 4113 365 4176 accederet.
402 4117 479 4174 Nam
502 4116 668 4194 quominus
700 4115 903 4178 confidentius
932 4117 1068 4198 consessit
1089 4121 1138 4181 uel
1162 4143 1238 4185 con-

79 4217 161 4295 flarit
183 4217 312 4278 formam
336 4217 559 4297 commendem,
586 4217 618 4278 id
643 4237 690 4278 me
713 4218 850 4298 impedit,
877 4220 960 4298 quod
984 4223 1074 4282 etiam
1091 4224 1122 4283 in
1138 4225 1235 4307 libris,
