3176 5028
276 419 318 480 46
714 416 863 479 Atcrsrvs
887 420 991 478 Licus.

275 589 422 652 'uideatur
451 587 633 650 emendasse
655 591 837 666 Muellerus,
870 591 1068 670 posteriorem
1098 591 1202 650 malim
1232 591 1273 652 ita
1298 591 1446 666 retinere,

279 705 313 756 ut
335 694 437 753 estin
460 692 547 752 libris
571 691 698 770 tradita:
725 694 872 772 quamuis
887 693 970 753 enim
994 693 1202 770 pronuntiatio
1218 694 1296 756 dlter
1319 698 1452 755 eratne

278 797 353 856 mibi
376 794 503 875 quidem
524 795 599 855 satis
622 795 749 873 placeat,
776 805 878 856 tamen
902 792 1027 855 meliora
1046 796 1186 856 inuenire
1201 815 1263 856 non
1285 798 1384 877 potui.
1405 833 1451 841 -

367 901 453 977 Gapt.
482 899 543 956 tta
567 897 781 958 Fleckeisenus
804 897 916 958 edidit:

336 1050 338 1053 .
408 1000 580 1080 Nquaam
596 1001 654 1060 erit
669 1009 729 1060 tam
747 1003 875 1077 andrus,
896 1002 969 1081 petia
985 1009 1011 1061 te
1027 1003 1142 1062 emittat
1155 1003 1303 1082 pretiis
1318 1001 1448 1063 mand.

280 1107 311 1164 in
335 1103 423 1165 codd.
447 1114 507 1164 est:
537 1105 709 1182 Numquam
732 1104 790 1163 erit
812 1111 874 1163 tam
896 1120 1015 1163 ancras
1037 1105 1110 1182 pota
1140 1112 1166 1165 te
1195 1105 1306 1185 pratas
1335 1107 1453 1166 emittat

280 1227 385 1279 marta,
412 1204 495 1284 quod
511 1215 576 1266 tum
593 1213 713 1265 tantum
729 1207 1035 1285 conseruariposset,
1063 1207 1088 1265 si
1104 1207 1135 1266 in
1158 1209 1271 1287 pratris
1294 1207 1452 1286 synizesis

280 1311 381 1371 locum
404 1308 541 1384 haberet,
568 1317 622 1368 aut
644 1327 737 1368 araim
760 1309 874 1369 mittere
897 1327 953 1387 pro
975 1328 1070 1368 mana
1093 1311 1225 1370 emittere
1241 1310 1347 1370 Plauto
1373 1311 1452 1370 uin-

281 1411 375 1473 dicari
409 1421 512 1490 posset
540 1411 586 1489 (cl.
614 1411 746 1470 Larentii
770 1409 881 1471 introd.
909 1410 957 1472 ad.
984 1413 1068 1472 Most.
1096 1432 1126 1491 p.
1155 1415 1183 1471 6.
1211 1423 1281 1473 nota
1307 1414 1350 1488 8).
1401 1413 1450 1471 Ex

281 1513 425 1576 omnibus
448 1512 669 1592 transponendi
693 1513 793 1573 modis
816 1514 866 1573 hic
888 1515 1023 1593 optimus
1048 1533 1116 1576 esse
1140 1515 1212 1576 mibi
1241 1515 1371 1576 uidetur
1398 1513 1446 1593 (cl.

282 1619 370 1677 Persa
396 1618 486 1697 4833:

411 1717 585 1800 Nquaam
608 1720 666 1780 erit
688 1727 749 1780 tam
774 1722 903 1797 antiret,
930 1721 1002 1799 pain
1023 1737 1117 1780 manu
1139 1721 1255 1781 emittat
1277 1727 1303 1779 te
1324 1720 1446 1799 prdlt'r's.

282 1825 406 1902 Propter
434 1821 589 1882 duriorem
611 1840 770 1882 caesuram
801 1840 862 1882 non
892 1823 1010 1901 placet,
1045 1820 1128 1901 quod
1159 1823 1282 1902 scripsit
1305 1823 1444 1882 Brixius:

284 1924 454 2005 ermpaam
478 1924 535 1984 ert't
559 1933 620 1985 tam
643 1927 774 2001 andrus,
798 1927 872 2004 qula
893 1923 987 1985 mam't
1011 1931 1037 1984 te
1060 1926 1174 1986 emittat
1195 1926 1316 2004 pratn's.
1346 1959 1385 1969 -

369 2031 457 2087 Poen.
479 2028 502 2086 V
521 2028 548 2103 l,
569 2027 624 2086 at:
654 2027 715 2087 Sed
737 2027 784 2086 ln'c
806 2026 880 2086 milti
902 2026 1028 2088 antebac
1051 2026 1155 2107 bdspeo
1171 2025 1350 2088 Antidamds
1373 2025 1445 2105 fait.

285 2131 362 2192 Cum
391 2139 472 2190 recte
494 2128 610 2189 diceret
638 2130 671 2189 C.
707 2131 736 2188 F.
771 2129 805 2189 G.
840 2128 1003 2189 Muellerus
1038 2129 1090 2210 (Pl.
1123 2131 1168 2188 Pr.
1202 2148 1232 2209 p.
1262 2130 1311 2209 llll
1346 2131 1452 2208 potius

285 2233 448 2294 Antidama
473 2230 671 2292 scribendum
697 2250 775 2308 esse,
802 2230 859 2292 sed
882 2231 927 2292 sic
952 2232 1116 2311 displicere
1144 2231 1323 2310 productam
1348 2231 1450 2310 sylla-

285 2337 359 2398 bam
376 2335 526 2412 ultimam,
552 2343 655 2394 mmen
671 2352 732 2394 non
756 2334 864 2396 debuit
885 2352 1069 2414 proponere:
1099 2335 1160 2396 Sed
1182 2337 1230 2397 ln'c
1252 2336 1327 2395 milti
1347 2327 1451 2395 ‘Anti'-

286 2439 379 2499 dama
408 2437 511 2518 torpes
541 2437 729 2497 dntldltdc
757 2435 845 2509 fait.
893 2438 954 2496 Nee
984 2439 1080 2517 magis
1115 2438 1230 2517 placet,
1272 2437 1355 2516 quod
1386 2439 1453 2516 ipse

287 2542 445 2620 praetulit:
474 2575 518 2584 -
540 2538 682 2601 antidltac
705 2539 807 2619 lorpes
828 2540 898 2619 suit.
939 2539 1014 2598 Nam
1031 2539 1174 2619 dactylus
1197 2550 1267 2601 ante
1290 2559 1452 2602 caesuram

290 2644 540 2722 semiquinariam
563 2652 629 2702 tum
653 2660 776 2721 semper
798 2652 845 2701 est
868 2641 1034 2703 euitandas
1060 2641 1131 2724 (nisi
1162 2661 1223 2704 una
1254 2653 1301 2703 est
1323 2661 1452 2704 caesura

280 2738 565 2824 semiseptenaria),
593 2743 648 2803 ubi
672 2742 753 2804 duae
775 2743 912 2823 syllabae
932 2743 1047 2805 breues
1069 2765 1139 2807 cum
1163 2745 1358 2823 praecedeuti
1382 2746 1454 2826 syl-

289 2849 359 2910 laba
382 2847 529 2926 prodacta
554 2865 651 2932 unum
675 2846 861 2907 uocabulum
884 2846 1031 2908 efficiunt.
1072 2849 1279 2920 Quamobrem
1302 2848 1351 2907 hic
1374 2869 1453 2910 uer-

290 2952 399 3012 borum
423 2949 496 3010 ordo
518 2948 740 3029 praeferendus
762 2951 834 3009 erit:

418 3053 478 3113 Sed
500 3053 548 3112 lrlc
572 3051 732 3112 Antidama
756 3054 799 3111 mt'
818 3051 961 3113 dntidltae
983 3052 1087 3132 baspe'o
1107 3053 1175 3132 salt.
1203 3085 1241 3098 -·

375 3158 466 3215 Truc.
494 3155 530 3213 lll
555 3156 584 3231 2,
613 3153 630 3212 7
656 3154 841 3232 Spengelius
863 3153 973 3215 edidit:

422 3258 502 3331 Quin
525 3266 557 3318 ta
579 3257 621 3316 a'd
641 3275 687 3316 me
710 3257 849 3316 accedis?
872 3259 1011 3337 despecto
1035 3256 1205 3318 drculdm
1229 3259 1337 3318 ludat.

292 3360 425 3422 traditur
446 3369 548 3420 autem
572 3360 604 3418 in
627 3358 799 3420 codicibus:
830 3359 911 3434 Quid
936 3360 985 3418 m's
1015 3361 1068 3440 pai
1089 3369 1171 3420 taam
1194 3368 1337 3440 empectar
1359 3377 1454 3420 osca-

293 3465 425 3524 lentiam.
464 3463 501 3522 Vt
523 3471 622 3521 cetera
646 3461 819 3540 displicent,
846 3480 926 3539 quae
948 3459 988 3522 ad
1010 3462 1093 3522 hunc
1115 3481 1242 3523 uersum
1258 3463 1454 3522 constituen-

291 3565 366 3625 dum
381 3565 498 3644 prolata
516 3574 598 3641 sunt,
619 3565 660 3624 ita
682 3584 721 3623 ne
737 3564 804 3643 ipse
819 3563 946 3642 quidem
964 3583 1089 3626 uersum
1105 3563 1272 3626 emendare
1294 3566 1390 3644 potui.
1414 3601 1452 3610 -

377 3670 465 3729 Mera.
493 3668 533 3725 89
557 3666 668 3727 suadet
690 3666 723 3727 C.
749 3670 780 3726 F.
807 3667 842 3726 G.
869 3667 1034 3728 Muellerus
1062 3665 1112 3747 (Pl.
1138 3668 1185 3728 Pr.
1212 3687 1242 3746 p.
1271 3669 1359 3746 tall:
1396 3749 1398 3754 Ι

360 3789 362 3792 ·
425 3771 576 3830 Talentum
600 3771 718 3850 arpenti
740 3770 801 3850 ipse
822 3769 1005 3830 ddnamerdt
1026 3771 1098 3830 sad
1120 3768 1233 3830 mand

425 3872 579 3932 Talentum
603 3874 722 3953 arpenti
742 3870 800 3932 atla
822 3873 905 3951 r'psm
928 3871 1109 3933 ddaamerdt
1129 3871 1223 3932 mand

425 3975 577 4035 Talentum
599 3975 661 4054 epse
684 3975 804 4055 arpenti
823 3973 1004 4036 adnumerat
1025 3976 1097 4036 aad
1119 3973 1239 4036 mand.

295 4079 357 4138 llae
380 4087 443 4136 tres
466 4076 658 4137 coniecturae
687 4094 793 4136 omnes
822 4087 895 4136 eum
923 4076 1106 4138 reiciendae.
1149 4079 1256 4156 Neque
1285 4077 1367 4136 enim
1392 4086 1455 4137 tam

295 4191 420 4261 propter
436 4179 562 4257 hiatum,
583 4198 675 4256 quem
692 4179 721 4237 in
738 4179 795 4239 hac
810 4199 921 4239 uersus
936 4190 1024 4257 parte
1040 4200 1100 4240 nou
1121 4181 1266 4241 uitiosum
1283 4199 1352 4239 esse
1376 4199 1456 4238 can-

1584 1673 1585 1684 t

1584 2205 1585 2216 t

1584 2659 1585 2670 t

1584 2671 1585 2680 i

1584 3055 1585 3072 l

1385 3117 1390 3127 ·
1584 3073 1585 3148 l

1584 3665 1585 3674 i

1497 3743 1503 3754 ⁶

1584 4271 1585 4280 i

1584 4327 1585 4344 l

1584 4393 1585 4406 l

1584 4503 1585 4510 i

1584 4549 1585 4560 t

1584 4563 1585 4580 l
