3086 5024
305 391 366 452 166
464 353 470 362 Α
727 392 882 452 Euvannva
905 394 1033 452 Bucam.

305 564 390 624 meir
411 561 519 640 suellen
540 581 598 641 yar
621 562 704 622 nicht
725 562 878 643 moeplict,
912 562 973 646 und
1002 562 1083 624 dicae
1113 561 1275 641 bezieirunp
1305 561 1353 622 des
1381 561 1461 622 verti

307 663 370 742 aus
388 665 443 725 den
467 661 690 743 aosyetooeoen
720 665 872 724 merrsutiv
902 664 1036 725 enrtetrr
1058 665 1132 726 ulier
1160 665 1276 738 sicces,
1310 665 1382 722 wie:
1415 661 1460 722 dic

307 766 491 826 hominem«
525 765 600 826 Nam
618 764 671 826 ubi
693 776 747 827 aut
770 769 965 828 enuntiatum
989 767 1168 846 primarium
1192 774 1223 826 ct
1247 765 1459 828 secundarium

305 887 362 950 pro
384 886 418 928 sc
441 875 607 946 utrumque
631 879 711 930 stare
739 877 899 948 nequeunt
927 879 972 947 et,
1001 871 1059 930 nisi
1083 889 1152 931 cum
1176 867 1358 930 secundario
1387 887 1461 928 con-

306 973 445 1032 iunctum
484 979 547 1046 est,
587 972 768 1049 primarium
800 991 896 1034 sensu
925 983 1023 1051 caret,
1065 980 1118 1034 aut
1154 970 1286 1033 uerbum
1316 972 1460 1032 enuntiati

307 1075 442 1154 primarii
465 1075 558 1134 ctiam
581 1073 732 1152 absolute,
760 1074 790 1137 id
815 1086 862 1136 est
883 1077 950 1136 sine
965 1075 1091 1153 obiecto,
1118 1093 1232 1155 ponera
1248 1075 1326 1153 licet,
1351 1074 1396 1135 ibi
1411 1094 1462 1155 per

307 1177 469 1238 artificium
500 1176 671 1238 subiectum
702 1179 852 1239 enuntiati
882 1178 1056 1240 secundarii
1084 1179 1116 1238 in
1148 1178 1302 1239 obiectum
1330 1179 1461 1256 primarii

309 1287 460 1358 mutatum
484 1298 552 1340 essa
581 1280 753 1361 apparet¹);
786 1291 890 1341 contra
919 1280 973 1341 ubi
996 1281 1127 1343 uerbum
1151 1281 1302 1343 enuntiati
1329 1281 1463 1360 primarii

309 1382 462 1443 obiectum
492 1381 617 1460 aliquod
647 1385 818 1443 necessario
849 1385 991 1463 requirit,
1023 1392 1054 1444 at
1081 1383 1143 1445 duo
1170 1385 1327 1446 enuntiata
1356 1403 1413 1463 per
1434 1404 1463 1444 so

309 1494 477 1564 utrumque
493 1483 638 1546 idoneum
655 1504 781 1546 sensum
801 1486 960 1566 praebent,
986 1488 1183 1549 accusatiuus
1197 1487 1321 1568 proprie
1343 1486 1462 1566 quidem

310 1606 364 1667 pro
388 1587 505 1648 obiecto
527 1607 567 1649 cx
590 1588 686 1650 uerbo
709 1590 859 1650 enuntiati
881 1590 1019 1670 primarii
1040 1589 1194 1670 pendente
1216 1589 1390 1663 habendus
1415 1590 1464 1650 sed

310 1711 349 1752 ex
371 1691 478 1752 eodem
502 1692 677 1752 accusatiuo
701 1692 793 1753 simut
816 1694 845 1753 in
875 1693 1034 1753 enuntiato
1061 1695 1277 1772 interrogatiuo
1306 1693 1334 1772 (i.
1359 1714 1387 1754 e.
1414 1713 1464 1754 se-

308 1793 465 1874 cundario)
493 1793 668 1855 subiectum
692 1793 901 1875 supplendum
925 1805 983 1856 est.
1024 1797 1130 1874 ltaque
1151 1816 1222 1857 cum
1242 1797 1273 1857 in
1289 1797 1346 1858 hoc
1360 1815 1466 1876 genera

311 1899 403 1958 artior
425 1899 652 1960 enuntiatorum
676 1918 812 1959 conexus
834 1899 939 1960 nutius
968 1899 1135 1975 efficiatur,
1168 1898 1341 1961 secundum
1371 1899 1464 1978 legam

312 2019 405 2080 supra
428 2002 598 2080 expositam
622 2001 651 2059 in
676 2003 834 2061 enuntiato
864 2003 1079 2080 interrogatiuo
1108 2001 1293 2064 indicatiuus
1319 2003 1463 2062 occurrit:

312 2111 401 2166 Plauti
417 2112 491 2165 Man.
522 2112 579 2165 ⁴45
608 2109 640 2178 (l,
669 2112 698 2176 t,
726 2107 775 2180 36)
825 2111 881 2180 dyc
909 2125 955 2164 me
983 2111 1095 2180 aspice:
1129 2111 1238 2181 Ecquid
1269 2110 1409 2166 adsimulo
1432 2112 1466 2162 si-

878 2213 1001 2268 militer?
1024 2204 1036 2289 ))
1060 2213 1115 2280 Qui
1135 2215 1196 2268 istic
1217 2219 1334 2270 umatus
1356 2211 1452 2268 rotor?

419 2317 494 2370 Man.
525 2319 581 2369 166
612 2309 643 2388 il,
672 2322 700 2382 2,
729 2309 778 2391 55)
824 2315 955 2386 Ayeduoa,
986 2315 1109 2371 odorare
1129 2315 1208 2384 itanc,
1240 2329 1325 2388 quam
1346 2333 1396 2386 epo
1418 2315 1466 2368 iro·

879 2417 939 2486 beo,
966 2419 1084 2488 pallam:
1110 2419 1180 2488 quid
1203 2419 1282 2474 olet?
1304 2417 1444 2491 apstioea?

422 2520 523 2574 Bacch.
541 2527 600 2577 986
619 2521 688 2590 (1111,
706 2525 734 2589 9,
749 2519 797 2592 66)
825 2521 917 2576 Nosce
939 2522 1067 2591 signum:
1093 2526 1173 2576 estne
1196 2521 1276 2576 dus?
1291 2513 1303 2600 ))
1319 2523 1404 2584 Noui,
1427 2521 1468 2574 iu-

879 2622 923 2679 bet
942 2625 1084 2697 pertepere
1107 2625 1167 2680 hur.
1186 2615 1198 2701 ))
1217 2609 1351 2698 Perlepes

422 2727 525 2781 Pseud.
554 2729 611 2781 262
642 2725 673 2796 (l,
696 2733 724 2793 3,
746 2725 794 2797 28)
821 2728 914 2782 Nosce
936 2727 1034 2782 satiem
1057 2727 1150 2782 hunc:
1175 2728 1241 2796 quis
1263 2714 1358 2801 est?²)

422 2831 499 2883 Pars
521 2832 580 2886 726
602 2829 672 2898 (1111,
694 2833 723 2896 7,
746 2824 793 2905 td)
822 2831 966 2885 Inimicum
988 2831 1092 2886 ulcisci.
1118 2821 1225 2906 flEcce
1247 2845 1309 2884 me:
1337 2828 1467 2900 numquid

880 2933 997 2988 murur‘.i

423 3033 506 3102 Epid.
531 3028 614 3107 (66t)
642 3035 673 3102 V,
703 3039 731 3100 2,
762 3038 798 3090 ⁴5
826 3075 860 3088 ..
887 3049 955 3090 ecce
984 3051 1048 3090 me:
1082 3035 1157 3088 Num
1186 3042 1212 3089 tc
1241 3034 1315 3104 iugi,
1349 3050 1417 3089 num
1438 3031 1467 3088 ot

387 3236 409 3292 t)
432 3232 535 3282 Confer·
546 3215 709 3284 »Zeitschritt
728 3234 785 3283 iuer
802 3234 1086 3298 voelkerpsychologie
1104 3247 1130 3283 u.
1151 3233 1434 3298 sprachwissenschait
1446 3246 1467 3282 v.

318 3319 430 3368 Lazarus
451 3332 475 3367 u.
498 3319 640 3368 Steinthat«
658 3321 668 3368 l
686 3334 712 3384 p.
735 3322 793 3378 455,
820 3318 866 3368 ubi
886 3318 1014 3369 Steinthai
1040 3322 1132 3370 contra
1150 3319 1323 3370 Kuehnerum
1343 3320 1470 3370 disserens

317 3403 455 3454 contendit
473 3405 662 3469 anticipatione
681 3418 733 3453 non
753 3406 880 3454 artiorem
903 3405 1103 3454 enuntiatomm
1128 3418 1261 3455 conexum
1285 3405 1371 3466 effici,
1397 3407 1469 3455 immo

317 3492 515 3541 enuntiatorum
535 3504 669 3540 conexum
688 3491 801 3540 relaxari
825 3495 852 3541 et
876 3492 1014 3542 enuntiato
1038 3491 1167 3556 primario
1191 3491 1299 3554 pienum
1318 3493 1469 3542 sententiam

317 3577 449 3627 contineri
468 3589 555 3641 neque
575 3577 743 3626 enuntiatum
763 3577 953 3626 secundarium
972 3577 1135 3636 desiderari;
1156 3580 1355 3627 uereor-tamen
1376 3591 1407 3626 oo
1427 3577 1468 3626 uiri

317 3663 388 3712 docti
402 3664 533 3712 sententia
548 3663 680 3712 eiusmodi
694 3663 832 3726 exemplis,
854 3662 933 3726 quale
946 3668 1001 3712 est:
1023 3663 1203 3716 diatonicam
1215 3665 1318 3726 quiade
1331 3664 1468 3722 retaliatur,

317 3748 395 3797 cuius
419 3751 558 3799 enuntiato
582 3750 709 3813 primario
734 3750 775 3797 die
798 3749 927 3799 homiaem
947 3748 1054 3813 plenam
1080 3751 1238 3799 sententiam
1270 3751 1401 3800 contineri
1431 3749 1469 3798 uix

317 3835 443 3898 cuiquam
462 3835 594 3900 probabit.

387 3924 411 3982 25
433 3922 513 3972 Nosce
532 3922 720 3986 imperatiuum
739 3921 809 3986 apud
829 3921 951 3971 Plautum
976 3934 1030 3970 non
1052 3921 1188 3981 absolute,
1214 3922 1263 3970 sed
1288 3903 1356 3970 cum'
1376 3922 1469 3970 obiecto

318 4007 492 4056 coniunctum
505 4009 568 4071 poni
582 4008 668 4057 sotere
686 4008 786 4058 docent
802 4022 866 4058 uu.:
889 4008 967 4057 Cure.
983 4009 1045 4055 tta:
1070 4005 1143 4070 Cape,
1164 4010 1269 4071 riparum
1281 4021 1370 4067 uorem
1384 4006 1468 4056 Bacch.

320 4095 382 4140 789:
409 4091 489 4142 Nosce
513 4094 631 4156 siparum
660 4092 754 4143 Pseud.
782 4097 846 4142 986:
875 4095 954 4145 Nosce
978 4095 1130 4156 imaginem
1156 4093 1232 4142 Most.
1254 4096 1319 4141 tut:
1346 4094 1388 4146 Eo
1408 4094 1471 4158 sactis

322 4190 398 4228 nosco
416 4191 486 4238 ram;
508 4178 580 4230 Pars.
600 4182 664 4228 tta:
686 4177 747 4240 Sed,
768 4183 797 4230 ut
815 4181 941 4242 occepnu,
961 4192 995 4230 ao
1013 4179 1111 4230 tutetur
1128 4191 1201 4230 norea
1218 4191 1284 4229 rem.
