3126 5028
335 433 375 493 64
773 433 925 502 Arersrvs
948 439 1053 498 chns.

334 605 413 663 inter
442 623 551 664 nouem
582 604 801 682 praecedentes
830 616 861 667 et
894 607 1038 668 undecim
1070 609 1298 687 subsequentes
1329 611 1488 670 octonarios

333 706 497 783 iambicos;
524 706 636 769 deinde
660 727 719 766 non
747 718 808 768 tem
832 710 898 788 ipsc
919 718 984 770 eost
999 729 1091 788 quam
1108 731 1145 772 co
1161 715 1257 792 ipsust
1271 722 1354 772 esset
1377 715 1487 772 Teren-

334 810 462 869 tianum.
504 809 567 868 linc
588 808 626 870 dc
649 829 741 870 cause
766 811 823 872 hoc
844 812 915 872 olim
939 812 1035 873 inisse
1058 814 1188 874 conicio:

462 930 553 1001 Horu,
582 929 759 1011 0111111616),
786 933 867 1011 quod
888 935 1011 1013 quoeris
1035 935 1215 996 Pdrihuinst.
1243 936 1299 995 Ch.
1319 911 1488 1020 (61616116)

747 1035 849 1114 ipsdst
884 1037 934 1095 Cr.
962 1039 1043 1096 Edrt.
1073 1071 1111 1080 -—

419 1153 499 1211 Eun.
519 1152 580 1211 766
604 1153 644 1212 ita
666 1153 778 1231 legitur
800 1154 885 1234 apud
900 1157 1129 1217 Fleckeisenum
1152 1166 1182 1217 et
1197 1157 1483 1237 Vmpienhachium:

463 1255 594 1315 concedo
617 1258 694 1316 istuc
715 1255 893 1335 paululum:
926 1260 1043 1319 oudin?
1074 1262 1162 1320 c'b'om
1184 1246 1404 1339 podlulriot:
1436 1270 1488 1320 sot

747 1361 813 1420 c'st.

334 1479 418 1538 Libri
442 1497 549 1538 omnes
572 1478 734 1557 praebent:
772 1515 810 1524 -
840 1482 930 1540 etiom
958 1501 1038 1542 nunc
1065 1482 1223 1562 paululum
1252 1490 1300 1542 rot
1322 1490 1379 1553 est,
1414 1480 1488 1541 unde

334 1583 470 1642 Feemus
494 1581 609 1640 effecit:
644 1616 686 1624 Δ
716 1580 834 1642 aridio?
857 1584 945 1642 etio-ru
972 1604 1051 1645 ortuo
1071 1583 1215 1664 paulum:
1241 1593 1288 1644 sot
1308 1592 1363 1644 cst.
1397 1583 1488 1661 Atque

333 1685 492 1764 paulutum
527 1693 677 1744 mutatum
713 1685 742 1742 in
771 1685 895 1762 portium
926 1704 1022 1763 paene
1052 1699 1113 1747 non
1144 1707 1213 1748 esse
1244 1695 1396 1747 mutatum
1421 1686 1487 1746 iliud

335 1786 432 1863 docet,
459 1785 543 1865 quod
565 1787 709 1846 omnihus
735 1785 796 1845 iere
820 1787 904 1865 locis,
933 1787 985 1848 uhi
1005 1790 1132 1868 portium
1155 1791 1276 1851 numeri
1300 1791 1441 1867 exigunt,
1466 1790 1486 1846 si

334 1908 395 1949 non
419 1907 526 1950 omnes
550 1907 672 1968 semper
695 1900 795 1948 tamen
813 1909 885 1968 pars
901 1891 1039 1952 codicum
1054 1894 1212 1976 paululum
1231 1891 1390 1968 exhibent,
1411 1891 1486 1951 uehit

334 1991 429 2052 Andr.
458 1994 529 2051 636.
558 1992 629 2051 791.
664 1991 741 2052 Eun.
770 1992 841 2054 672.
870 1993 941 2052 686.
970 1994 1031 2052 866
1058 1995 1118 2056 bis.
1140 1996 1233 2054 i068.
1263 1994 1355 2053 1676.
1384 1995 1483 2053 fleant.

337 2098 408 2155 198.
436 2093 507 2155 717.
534 2095 654 2154 Phorm.
681 2094 754 2153 711.
782 2097 851 2155 Hee.
872 2096 944 2156 506.
971 2096 1102 2174 Adelph.
1123 2101 1194 2157 919.
1216 2097 1288 2156 950.
1310 2098 1383 2155 980.
1408 2094 1486 2176 (eon-

335 2199 528 2278 trepontum
552 2215 606 2275 pro
626 2199 789 2276 pacturum
813 2199 920 2259 Heaut.
948 2201 1034 2280 899).
1076 2201 1136 2263 Sed
1167 2199 1248 2277 quod
1280 2201 1310 2259 in
1345 2198 1488 2259 eiusmodi

337 2299 570 2380 repetitionibus
594 2301 719 2378 saepius
742 2303 831 2361 etium
855 2319 947 2378 quam
971 2305 1061 2364 etiam
1090 2323 1169 2364 nunc
1191 2315 1375 2383 usurpatur,
1403 2321 1488 2382 pree-

337 2404 431 2464 stahit
453 2405 578 2463 inuerso
601 2402 706 2463 ordine
729 2402 879 2463 scribere:
917 2405 1048 2464 Concede
1078 2409 1153 2466 istuc
1180 2405 1349 2486 patibulum.
1382 2404 1489 2465 audiui

337 2510 426 2567 e'tiom
447 2507 592 2586 poclum:
616 2507 696 2566 mbrc
720 2513 767 2578 sot
790 2515 843 2566 est.
870 2541 913 2550 —-

422 2625 551 2704 Adelph.
582 2627 640 2686 167
675 2625 807 2687 traditur
840 2628 871 2685 in
905 2627 992 2686 lihris
1026 2629 1170 2687 omnihus
1209 2627 1249 2708 (id
1282 2627 1365 2705 quod
1399 2625 1485 2686 edidit

337 2729 491 2790 Bentleius
521 2740 552 2788 et
579 2728 774 2808 praeferebat
803 2729 850 2789 Al.
885 2731 1008 2790 Richter
1038 2731 1158 2806 ,Donati
1187 2731 1396 2791 commentarii
1419 2734 1484 2788 etos·

336 2832 413 2892 diss.
441 2833 536 2892 Bonn.
568 2832 647 2891 1851
672 2851 702 2909 p.
732 2832 794 2914 t3):

465 2946 533 3012 'Abi
545 2972 621 3032 proc
637 2961 756 3014 strenue
772 2956 809 3013 ric
822 2953 903 3033 fores
919 2954 1016 3032 operi.
1045 2953 1181 3014 Ceterum
1197 2953 1366 3016 11611111
1380 2950 1485 3029 soris.

337 3054 401 3115 Sed
423 3075 493 3115 cum
517 3057 652 3115 Donatus
675 3054 800 3116 adnotet
823 3057 931 3136 lepitur
959 3063 986 3115 et
1015 3055 1117 3132 nihili,
1153 3057 1260 3116 merito
1284 3056 1487 3115 Fleckeisenus

337 3169 367 3217 et
389 3158 650 3238 Vmpfenbechius
674 3156 853 3217 ediderunt:
885 3158 1023 3218 ceterum
1046 3158 1100 3218 boc
1121 3159 1209 3218 11111111
1232 3157 1322 3237 socie.
1348 3193 1391 3202 —

424 3276 553 3357 Adelph.
581 3277 636 3336 761
666 3277 764 3337 codex
787 3277 955 3337 Bembinus
978 3276 1119 3355 praebet:

368 3435 371 3442 .
466 3375 585 3442 'Omnes
607 3381 733 3454 oderint,
758 3382 792 3440 rrt'
813 3382 909 3460 inopis
925 3389 951 3440 te
967 3399 1059 3460 quam
1075 3379 1172 3441 oculor
1189 3379 1268 3440 utino
1290 3382 1371 3439 omd
1386 3379 1482 3439 mcor.

338 3482 399 3544 Sed
422 3502 528 3545 omnes
551 3484 643 3543 ceteri
668 3493 762 3544 recte:
794 3518 829 3526 -
856 3501 946 3563 quam
969 3483 1065 3544 ocutos
1086 3483 1165 3543 utine
1188 3503 1239 3564 epo
1263 3484 1329 3542 (toto
1352 3484 1437 3542 oreos.
1452 3513 1487 3523 -

422 3589 540 3648 Phorm.
569 3587 630 3647 667
654 3585 751 3647 edidit
773 3585 1034 3663 Vmpienbuchius
1056 3604 1126 3646 cum
1149 3584 1215 3644 cod.
1242 3583 1405 3645 Bembino:

467 3693 521 3752 His
543 3691 634 3752 rebus
657 3709 729 3750 sorte
751 3692 835 3770 pdoe,
864 3691 970 3770 inquit,
997 3689 1018 3747 d
1026 3691 1126 3750 ccc'm
1148 3689 1282 3748 mincis.

338 3793 400 3858 Sed
428 3793 513 3873 quod
548 3793 696 3853 exhibent
723 3811 799 3880 pone
826 3810 898 3852 sorte
928 3791 1024 3870 iuquit
1051 3789 1151 3851 decem
1181 3791 1274 3866 DFG,
1312 3807 1390 3868 poue
1423 3804 1486 3848 sane

337 3899 437 3960 decem
460 3896 675 3976 inquiritur,
703 3903 832 3975 apparet
854 3894 885 3952 in
902 3892 1133 3972 transponendo
1151 3883 1304 3952 summam
1321 3890 1412 3951 nobis
1428 3906 1487 3949 esse

338 4002 521 4061 libertatem.
562 3998 662 4076 Atque
685 3997 900 4057 Fleckeisenus
923 3996 1060 4073 scripsit:
1089 3997 1143 4056 His
1166 3995 1265 4071 rebus,
1293 3996 1398 4075 inquit,
1420 3995 1487 4074 princ

337 4124 409 4164 sone
432 4103 529 4164 dc'ccm
553 4103 665 4176 ruinam
692 4098 822 4160 eandem
844 4098 1124 4178 pronuntiationem
1150 4098 1248 4157 decem
1279 4098 1377 4156 rnindr
1401 4095 1486 4156 habes

338 4227 369 4268 u.
390 4208 460 4266 668.
489 4204 645 4266 Bentleius
661 4214 774 4280 eutem,
801 4221 870 4262 cum
889 4203 1016 4262 oo'nosa
1041 4198 1164 4261 duobus
1188 4219 1226 4258 ex
1250 4199 1315 4260 suis
1339 4197 1485 4260 codicibus
