3126 5028
336 464 396 525 116
759 464 913 524 Envsaovs
937 465 1061 524 Beonan.

332 637 507 713 scriptores.
559 635 666 694 Certas
696 635 778 693 enim
807 637 890 715 leges
913 637 944 696 in
969 637 1015 696 bis
1038 637 1136 698 modis
1159 636 1345 698 adhibendis
1368 640 1495 698 omnino

333 755 394 798 non
418 745 539 797 secutos
562 755 631 796 esse
654 739 771 816 priseos
794 741 958 817 scriptores
981 739 1044 799 iere
1071 757 1178 799 omnes
1193 740 1253 801 sibi
1268 752 1496 820 persuaserunt

331 840 536 919 grammatici,
568 840 622 918 qui
644 839 806 918 hucusque
829 840 908 901 hanc
932 843 1142 919 quaestionem
1166 842 1349 921 tetigerunt;
1376 845 1426 904 cui
1451 846 1496 903 rei

332 942 363 1003 id
393 943 556 1023 praecipuo
587 951 767 1020 argumento
793 951 855 1021 est,
888 943 972 1022 quod
994 962 1055 1004 non
1079 945 1198 1022 singula
1220 946 1494 1025 interrogationum

331 1064 441 1124 genera
475 1043 700 1122 distinxerunt,
737 1064 817 1124 quac
851 1047 940 1106 certis
974 1045 1096 1125 iegibus
1125 1056 1180 1107 aut
1207 1047 1409 1109 indicatiuum
1440 1059 1495 1108 aut

331 1149 561 1210 coniunctiuum
590 1147 790 1227 praeberent,
824 1147 879 1210 sed
909 1149 941 1208 in
964 1148 1094 1228 singulis
1116 1150 1268 1230 exemplis
1289 1149 1494 1212 indicatiuum

331 1250 533 1327 excusabant,
560 1259 595 1310 ut
616 1269 643 1310 e.
670 1269 698 1328 g.
724 1249 765 1311 ad
787 1241 884 1310 Plauti
907 1251 1014 1312 Bacch.
1042 1252 1102 1330 1111,
1130 1251 1160 1328 7,
1188 1254 1232 1334 32,
1252 1255 1334 1330 Dic,
1361 1273 1431 1334 qno
1457 1257 1495 1314 in

330 1354 519 1434 periclost
540 1371 641 1413 niens
666 1352 924 1413 Mnesilochus
945 1353 1078 1433 filins?
1113 1355 1216 1416 floltze
1233 1353 1410 1435 adscripsit:
1443 1355 1497 1417 'ert

332 1457 525 1535 interropotic
557 1459 670 1530 recto‘;
704 1454 786 1515 idem
816 1455 856 1515 ad
877 1455 966 1516 Poen.
993 1457 1027 1532 V,
1056 1457 1093 1532 2,
1127 1458 1166 1520 26
1198 1477 1281 1518 nom
1304 1461 1369 1538 qui
1389 1461 1495 1519 scire

330 1579 372 1637 po
380 1559 436 1619 tei
443 1605 449 1626 ,
466 1556 503 1616 dt'
509 1575 524 1616 c
536 1557 606 1616 min
614 1558 641 1616 e':
656 1556 741 1636 'quoe
753 1565 851 1618 tomen
864 1560 953 1617 etiam
963 1561 1058 1618 stetui
1064 1565 1161 1637 potest
1173 1562 1368 1641 interrogatio
1380 1563 1493 1634 rectc‘,

332 1679 463 1740 quorum
487 1669 589 1720 tamen
613 1660 824 1739 exemplorum
848 1659 955 1720 eadem
979 1661 1055 1720 ratio
1071 1672 1118 1722 est
1133 1672 1226 1741 atque
1241 1681 1267 1722 e.
1288 1681 1316 1742 g.
1336 1661 1405 1722 Aul.
1429 1664 1490 1738 1111,

332 1768 360 1839 9,
389 1768 406 1822 9
431 1765 485 1822 1)ιό
508 1762 610 1842 igitur,
637 1763 703 1841 ques·
726 1762 813 1823 babet
835 1763 1027 1841 aliorumque
1048 1763 1262 1843 plurimorum.

417 1867 483 1925 Non
505 1864 602 1924 multo
624 1864 712 1923 aliter
734 1866 877 1942 cogitauit
891 1864 929 1925 de
944 1865 992 1924 his
1008 1868 1177 1927 enuntiatis
1193 1869 1258 1926 Rei
1268 1869 1337 1946 sig,
1353 1870 1373 1943 ¹)
1400 1869 1497 1928 cuius

331 1971 396 2048 ipsa
427 1968 526 2028 uerbo
555 1976 693 2047 repetere
716 1967 820 2027 liceat:
855 1967 937 2028 'Hier
964 1969 1003 2042 (in
1028 1970 1319 2048 interrogationibus
1342 1970 1493 2049 obliquis}

331 2072 388 2132 den
416 2072 559 2132 indicetis>
581 2089 621 2129 zu
642 2078 752 2146 setzen,
784 2070 993 2132 wederstreitet
1022 2072 1087 2132 dem
1115 2072 1336 2134 berrscbenden
1357 2074 1498 2153 sprccb-

330 2174 483 2253 gebraucb
506 2173 560 2233 der
576 2175 707 2247 Rcerner,
734 2171 806 2232 decb
829 2175 1002 2234 interven
1025 2172 1113 2235 ibnen
1135 2175 1166 2234 in
1188 2175 1342 2237 einzelnen
1362 2176 1500 2238 redens-

330 2285 417 2338 arten
440 2275 504 2336 und
526 2278 557 2334 in
578 2276 726 2354 pewe'ssen
749 2283 977 2356 vortroysorten
1000 2276 1227 2356 onspenommen
1249 2278 1390 2357 worden,
1419 2278 1500 2338 ohne

331 2377 455 2457 zweifet
475 2378 554 2438 noch
575 2377 787 2456 priectiscbern
811 2378 957 2457 beispiele.
999 2381 1040 2439 Es
1062 2380 1130 2440 sind
1152 2381 1214 2442 oleo
1230 2381 1277 2442 die
1292 2381 1500 2442 redenscrten

331 2502 371 2541 zu
392 2480 560 2551 verzeiben,
583 2500 630 2539 wo
654 2479 749 2540 dieses
771 2479 963 2542 eorumne

417 2584 517 2644 Ceteri
540 2601 663 2661 quoque
686 2583 876 2660 grammatici
900 2582 939 2643 de
961 2584 1018 2643 hac
1039 2603 1072 2645 re
1095 2595 1214 2646 certum
1236 2585 1386 2647 iudicium
1411 2586 1500 2646 ferre

282 2728 286 2734 ⁴
331 2685 583 2765 supersederunt.
618 2684 719 2763 Atque
734 2684 885 2764 Madvig
907 2687 987 2746 hano
1006 2690 1218 2765 quaestionem
1233 2689 1333 2749 obiter
1347 2689 1395 2748 his
1412 2708 1501 2748 uer-

330 2790 380 2849 bis
408 2787 557 2849 absoluit:
572 2788 592 2861 2)
627 2787 690 2847 'Bet'
716 2788 773 2847 den
801 2789 940 2849 eebesten
968 2789 1105 2851 de'cbtern
1129 2791 1253 2852 Platones
1284 2791 1348 2851 und
1377 2788 1500 2852 Terenz

329 2891 404 2953 stent
433 2891 582 2952 birweiten
610 2892 659 2949 ein
689 2889 891 2971 obbcenpiper
919 2892 1076 2972 frapesotz
1105 2895 1146 2954 in
1174 2893 1349 2954 indicatio.‘
1395 2894 1501 2955 Paulo
1561 2895 1562 2970 i

330 2995 459 3055 uberius
481 3012 546 3053 ram
570 2992 702 3071 explicat
724 2993 1026 3072 Weissenborn,
1061 2997 1114 3074 qui
1138 2995 1187 3056 ’Es
1208 2996 1305 3076 seint,
1337 2997 1496 3076 inquit³),

329 3096 440 3156 sowobl
460 3093 515 3156 der
536 3095 672 3156 deutsche
696 3096 740 3155 olo
763 3096 818 3156 der
839 3095 1020 3176 griechische
1041 3098 1315 3179 spracnqetraoct,
1342 3099 1416 3160 does
1440 3101 1503 3160 der

330 3199 501 3259 coniunctio
529 3200 560 3257 in
588 3199 731 3258 munchen
760 3198 925 3259 indirelcten
955 3206 1162 3280 trapesaetnen
1191 3199 1274 3261 nicht
1300 3200 1502 3283 notbwendr'p

329 3304 388 3377 sei,
420 3301 491 3361 dass
521 3300 576 3360 der
604 3301 762 3361 obiectsctz
795 3302 840 3361 ab
870 3301 1051 3364 bestimmten
1078 3305 1221 3384 yewt'sser
1248 3302 1384 3383 pedonbe
1409 3303 1502 3364 dar—

328 3404 442 3483 pestetlt
463 3403 587 3463 werden
609 3403 729 3478 boenne,
756 3424 784 3462 z.
811 3403 838 3462 b.
866 3405 946 3484 Saye
968 3406 1028 3465 nn'r
1050 3405 1085 3465 ob
1108 3425 1142 3466 er
1162 3405 1336 3486 peborntnen
1358 3408 1405 3467 t'st.
1454 3409 1501 3468 So

329 3506 452 3566 werden
482 3505 560 3565 orecte
590 3506 629 3564 e'rn
657 3505 849 3566 laterniscben
870 3507 950 3567 nient
972 3526 1032 3567 ner
1054 3527 1111 3568 eon
1134 3508 1190 3569 den
1213 3506 1381 3585 tennibero,
1417 3528 1502 3570 son-

218 3629 222 3636 ·
329 3610 403 3670 dern
426 3608 583 3668 ettennon
606 3608 662 3668 den
685 3616 841 3686 specteren
864 3608 1015 3687 dicbtnn,
1042 3609 1123 3671 nicht
1143 3610 1233 3671 seben
1255 3611 1352 3672 sclobe
1374 3612 1503 3674 neben-

329 3719 430 3771 scetze
453 3712 500 3771 als
522 3713 648 3790 pewn'sse
671 3712 711 3769 iro
734 3709 877 3771 indicatio
901 3711 1100 3791 derpestellt.‘

416 3815 527 3873 Contra
550 3810 659 3872 Hand
690 3813 812 3872 comicis
844 3832 967 3892 quoque
998 3814 1078 3875 hanc
1100 3815 1277 3876 liberiorem
1301 3825 1499 3878 structuram

366 4125 368 4130 ¹
399 4071 421 4129 t)
443 4071 468 4118 in
488 4069 572 4118 schol.
595 4069 639 4120 iat.
661 4069 681 4136 ξ.
703 4072 760 4123 ³29.

396 4157 420 4214 2)
442 4157 468 4204 in
489 4169 601 4217 gramm.
623 4156 666 4206 tat.
689 4157 710 4221 5.
732 4163 780 4208 ³56
800 4159 861 4210 adn.
884 4164 907 4210 3.

397 4242 420 4303 3)
442 4242 468 4289 io
487 4245 558 4303 synt.
580 4242 624 4291 lat.
647 4257 672 4306 p.
694 4248 751 4293 327.
