3116 5020
293 379 335 439 Du
359 381 487 440 84444444
510 381 790 441 4444444444444444
813 380 1011 450 0444444444.
1172 376 1231 437 271

77 551 251 611 conclusum
274 550 430 629 uidemus,
457 553 489 610 in
504 551 621 629 quibus
633 551 842 627 enuntiatum,
861 549 945 628 quod
967 550 1149 630 primarium
1165 567 1235 609 esse

76 653 287 731 grammaticae
310 654 394 733 leges
416 655 584 732 4444444444,
617 663 721 714 tamen
752 652 879 712 minoris
902 655 1048 713 momenti
1071 662 1118 712 esl
1140 670 1233 732 qnam

76 755 301 833 secundarium,
328 773 389 834 quo
405 775 526 817 summe
549 757 722 818 sententiae
738 757 921 816 continetur.
962 756 995 815 ln
1019 756 1236 834 interrogatio-

74 856 164 918 nibus
187 877 227 918 ex
249 860 314 918 44444
330 860 489 920 enuntiato
502 859 648 939 primario
663 858 874 939 pendentibus
895 857 1055 919 indicatiui
1071 857 1235 920 ullomodo

75 959 247 1041 explicandi
270 969 357 1022 sunl:
386 960 465 1022 44444.
492 962 581 1022 infra.

159 1062 186 1144 4)
214 1065 412 1142 Interrogatio
435 1063 550 1144 pendet
572 1083 612 1124 ex
634 1064 754 1124 audin
777 1065 936 1125 enuntiato
957 1063 1117 1144 primario:

73 1171 112 1225 Pl.
137 1172 242 1227 Pseud.
271 1175 330 1228 330
360 1165 391 1244 (l,
420 1176 447 1238 3,
478 1166 526 1246 96)
555 1173 686 1244 Propera,
710 1172 780 1244 quid
800 1171 882 1228 slas?
906 1167 969 1246 ei,¹)
996 1188 1105 1226 accerse
1127 1188 1232 1243 494444·

658 1275 754 1343 audin,
781 1275 852 1345 quid
874 1276 912 1330 ait
935 1273 1082 1347 luppiter?

73 1375 113 1429 Pl.
138 1376 218 1430 Pers
241 1379 299 1431 655
322 1372 391 1451 (llll,
414 1379 441 1444 4,
473 1370 541 1448 406)
570 1375 673 1446 Audin,
699 1378 770 1449 quid
793 1377 851 1432 4444

136 1477 216 1534 Asin.
245 1483 304 1535 884
333 1474 374 1550 (V,
405 1482 433 1546 4,
463 1473 511 1553 34)
574 1479 677 1545 Audin,
705 1480 775 1550 quid
797 1472 1000 1557 4444))4444444.

139 1581 220 1651 Capl.
251 1584 309 1638 592
341 1578 397 1654 llll,
427 1584 455 1649 4,
485 1578 533 1657 60)
575 1583 659 1650 Heus,
685 1583 783 1648 audin,
810 1583 880 1652 quid
903 1583 962 1637 4444
984 1585 1051 1654 quin
1072 1579 1171 1654 suuis?

61 1684 139 1759 len.
160 1683 234 1738 Eun.
258 1687 337 1741 4037
367 1677 409 1760 (V,
437 1687 467 1750 8,
495 1683 522 1754 7)
556 1685 655 1750 ‘Bene
681 1687 720 1738 ila
744 1701 788 1740 me
805 1686 951 1750 4444444444,
976 1685 1093 1757 factum.
1115 1676 1127 1761 Ι)
1142 1684 1236 1739 Audin

40 1767 42 1771 .
642 1796 681 1854 lu,
706 1787 751 1842 4444
773 1787 843 1858 quid
867 1788 925 1843 4444
939 1817 983 1826 -

70 1889 112 1944 Pl.
138 1889 213 1943 lllen.
243 1891 303 1945 909
333 1882 375 1965 (V,
405 1893 433 1956 5,
464 1881 511 1965 ll)
570 1889 675 1957 Audin,
716 1905 791 1960 quae
827 1889 974 1960 loquitur?
995 1883 1007 1967 ))
1031 1889 1068 1945 84
1104 1892 1234 1946 4444444444

637 1993 793 2064 praedicat.
839 1979 841 1984 ⁵

135 2093 193 2147 Mil.
224 2095 302 2150 ⁴222
332 2090 400 2162 (llll,
431 2098 459 2161 6,
488 2089 515 2166 7)
570 2093 675 2162 Audin,
702 2110 777 2165 quae
799 2087 1096 2172 loquitur‘llllludio.

136 2193 216 2250 Asin.
247 2198 304 2252 447
332 2196 378 2265 (ll,
407 2200 436 2264 4,
465 2189 514 2271 44)
570 2196 674 2266 Audin,
691 2214 766 2268 quae
778 2189 956 2274 4444444444)
973 2198 1062 2253 Audio
1076 2205 1102 2252 44
1113 2201 1231 2270 4444444.

137 2295 243 2352 Bacch.
264 2301 318 2354 864
347 2298 416 2369 (4444,
439 2303 467 2366 8,
490 2297 539 2371 40)
567 2298 671 2364 Audin,
712 2317 787 2371 quae
828 2300 977 2371 loquitur?
1021 2302 1088 2372 quin
1126 2307 1156 2356 tu
1192 2316 1235 2355 444

642 2403 740 2458 44444444
762 2401 863 2458 iubes?

136 2501 242 2557 Pseud.
272 2505 329 2558 494
358 2501 390 2572 (l,
420 2509 448 2572 2,
478 2498 526 2579 60)
571 2503 675 2573 Audin,
701 2505 823 2578 furcifer
845 2521 920 2576 quae
943 2504 1092 2574 loquitur?

66 2619 151 2680 quae
189 2610 292 2660 44444444
330 2602 488 2662 enuntiata
526 2610 587 2662 tam
626 2603 843 2681 interrogatiua
877 2621 970 2681 quam
1005 2602 1133 2662 relatiua
1166 2619 1235 2662 esse

66 2711 214 2783 possunl.
240 2737 284 2746 -
385 2750 392 2762 .

65 2811 110 2865 Pl.
137 2811 213 2864 llen.
243 2815 301 2867 940
331 2809 372 2880 (V,
401 2815 429 2878 ²,
459 2805 508 2884 44)
571 2809 664 2867 Audin
673 2806 693 2886 ²]
724 2818 763 2878 lu,
789 2817 821 2866 ut
845 2812 1029 2866 deliramenta
1052 2811 1199 2882 loquitur?

135 2911 216 2967 Asin.
245 2915 304 2968 598
333 2904 391 2987 (Ill,
420 2917 448 2980 3,
478 2914 504 2982 8)
569 2912 662 2969 Audin
686 2914 774 2981 4444444,
805 2931 892 2986 opera
919 2915 1075 2985 ul-laryus
1098 2921 1141 2969 est
1163 2930 1234 2970 noe·

642 3012 777 3090 44444443)

136 3113 242 3173 44444
263 3112 406 3192 exempla
428 3113 531 3173 emnia
554 3114 594 3173 444
619 3123 792 3193 comparata
816 3123 904 3190 sunl,
939 3123 974 3174 444
1003 3123 1134 3193 utruque
1157 3132 1233 3196 per-

62 3235 158 3292 sona,
185 3222 216 3274 44
238 3233 284 3293 44,
311 3233 391 3294 quae
414 3217 580 3294 interrogat
602 3224 632 3275 et
654 3235 699 3293 44,
726 3215 766 3276 ad
788 3235 882 3295 quam
899 3216 996 3277 uerba
1013 3217 1101 3294 fiunt,
1128 3217 1234 3276 4444444

62 3319 214 3396 alieuius,
240 3335 321 3397 quae
343 3326 374 3377 44
396 3319 462 3396 ipsa
487 3319 518 3378 in
541 3336 651 3378 scaena
674 3317 772 3396 adest,
798 3336 948 3397 personae
964 3317 1071 3396 4444444,
1098 3317 1234 3396 adquae

142 3559 167 3619 4)
189 3559 213 3606 el
229 3555 321 3606 addidi
339 3556 470 3606 suadente
488 3555 682 3615 studemundo,
704 3559 749 3622 qui
768 3561 791 3607 44
811 3559 835 3606 in
857 3559 876 3608 Α
895 3558 1020 3622 44444444.

140 3643 166 3704 2)
188 3642 274 3690 44444444
291 3641 328 3691 Bb
348 3641 397 3702 Db,
418 3643 485 3692 ludu·
502 3641 607 3692 BaCDe.

141 3729 166 3790 9)
189 3727 379 3778 decusulluum
398 3727 425 3775 in
444 3726 496 3776 hoo
519 3727 643 3791 exemplo
670 3739 723 3776 non
742 3741 800 3777 esse
819 3728 969 3777 subiectum
988 3727 1118 3780 enuntiati
1137 3739 1235 3776 secun·

61 3813 139 3863 darii
159 3813 187 3860 in
206 3811 342 3862 obiectum
362 3813 482 3876 primarii
501 3811 645 3862 artificiose
665 3817 808 3878 mutatum,
828 3813 876 3863 sed
894 3826 923 3862 re
943 3825 1006 3862 44444
1019 3811 1155 3862 obiectum
1172 3825 1234 3862 eum

61 3899 203 3948 enuntiati
221 3898 341 3961 primarii
354 3897 438 3947 uerbo
452 3900 603 3949 necessario
615 3898 843 3961 coniungendum,
864 3898 995 3948 docemur
1007 3898 1146 3962 exemplis,
1162 3899 1236 3948 uelul

62 3985 152 4034 Andr.
176 3985 239 4032 342:
261 3984 345 4034 ,444444
363 3989 391 4034 lu
408 3985 502 4034 illum?
520 3984 615 4048 Amph.
637 3988 699 4034 755:
721 3985 800 4034 4444444
816 3985 909 4034 illum?
927 3986 978 4033 etc.
992 3983 1164 4032 —Ceterum
1183 3984 1235 4034 du-

62 4071 236 4128 bites,'num
256 4070 345 4133 polius
363 4071 447 4119 444444
470 4067 519 4136 (lu)
543 4071 610 4120 44444
628 4071 700 4121 Asin.
722 4073 771 4118 498
796 4069 970 4118 scribendum
994 4070 1043 4127 sil;
1069 4068 1140 4118 conl.
1167 4079 1234 4133 quse

50 4156 134 4207 ,444444
156 4153 192 4204 ad
210 4155 288 4206 Most.
309 4159 375 4204 4474
395 4155 592 4204 aduolauimus.
