3176 5028
292 405 333 466 28
731 405 882 467 Arursrvs
905 373 1017 466 Lucus.

291 579 357 638 cam
381 576 456 638 dana
470 574 561 650 mila
585 584 617 636 ei
637 595 708 636 eum
731 595 766 637 ea
783 575 946 652 uocabula,
966 594 1046 654 quae
1062 575 1189 636 elisione
1203 574 1358 653 bisyllaba
1374 573 1458 636 laeta

290 688 373 758 sunl,
400 677 524 740 easdem
540 678 621 756 leges
638 688 818 757 sequautur,
845 697 924 758 quas
942 677 1043 738 omnia
1059 686 1158 738 celera
1174 677 1337 758 bisyllaba‚
1358 685 1457 756 alque

289 779 417 862 dedistis]
446 800 517 841 eum
539 789 667 842 accentu
688 781 719 841 in
741 782 842 860 prima
866 780 986 860 syllaba
1008 799 1071 841 non
1099 780 1171 859 plus
1193 781 1370 840 offensionis
1390 780 1457 841 ha-

290 884 372 963 beat,
388 902 482 963 quam
499 883 576 961 de'di,
596 883 690 946 laben
705 885 788 962 sim,
808 891 888 944 cerie
904 902 985 962 quae
998 884 1031 943 in
1046 881 1136 943 libris
1147 881 1314 944 traduntur
1332 884 1455 944 seruari

287 995 437 1066 passuum
464 985 553 1046 liceat
574 994 678 1047 lamen
700 988 806 1048 etiam:
835 1022 877 1032 -
900 986 975 1048 miii
996 982 1107 1048 dedisti
1127 984 1201 1046 dono
1225 1004 1303 1046 eam..
1330 1021 1371 1030 —

376 1089 435 1150 Mil.
463 1090 523 1151 um
548 1088 670 1169 scripsit
692 1091 727 1152 C.
752 1090 784 1150 F.
810 1089 846 1151 G.
874 1087 1039 1150 Muellerus
1067 1088 1117 1166 (Pl.
1143 1088 1225 1148 Pras.
1251 1105 1282 1165 p.
1310 1085 1404 1168 sual:

420 1193 505 1254 Neue
533 1191 617 1254 mario
647 1200 689 1270 iu,
716 1191 811 1268 loma,
838 1193 941 1267 umus,
972 1190 1119 1272 siquidem
1141 1197 1167 1250 ie
1189 1192 1351 1270 quicquam
1374 1190 1456 1271 quid

709 1293 812 1372 sacis
833 1293 962 1374 pudet.

290 1397 380 1475 fumis
408 1395 519 1474 BbDb;
558 1397 642 1458 tamis
671 1397 799 1458 BaCDa:
831 1395 920 1477 samis
953 1404 1057 1457 autem
1086 1394 1182 1455 forma
1211 1395 1261 1455 hic
1288 1397 1453 1475 proprium

289 1518 382 1562 suum
405 1499 499 1560 babel
521 1499 630 1577 laeum,
657 1519 728 1560 eum
750 1517 812 1560 uon
834 1508 944 1578 agatur
964 1498 1003 1559 de
1025 1516 1059 1558 re
1082 1517 1161 1578 quae
1185 1499 1246 1576 fiat,
1273 1497 1329 1559 sed
1346 1499 1454 1577 polius

288 1602 327 1664 de
349 1621 396 1681 ea,
422 1620 503 1681 quae
526 1601 665 1664 iacienda
688 1603 745 1679 sit;
772 1602 876 1681 itaque
897 1600 1091 1662 retinendum
1114 1620 1182 1662 esse
1204 1599 1344 1662 uidetur:
1374 1602 1455 1683 quod

286 1705 376 1787 sams
397 1705 504 1786 pudet;
537 1708 586 1781 (an
608 1703 755 1786 seclusi).
784 1738 823 1749 -

375 1806 466 1888 Epid.
487 1809 511 1869 V
528 1809 557 1886 2,
577 1808 595 1867 3
613 1806 712 1870 edidit
726 1808 911 1887 (reppertus,
938 1824 1073 1885 eumque
1095 1806 1127 1866 iu
1150 1807 1210 1867 fine
1226 1825 1338 1868 uersus
1354 1827 1454 1869 seeu-

293 1920 343 1973 ius
366 1920 413 1973 esi
435 1910 469 1972 C.
496 1910 529 1971 F.
555 1911 590 1970 G.
616 1910 781 1971 Muellerus
810 1908 863 1989 (Pl.
889 1911 936 1970 Pr.
962 1929 993 1989 p.
1021 1907 1114 1988 rim:

421 2015 496 2075 Tace
516 2010 620 2074 modu:
644 2013 709 2074 siae
727 2030 774 2072 mc
789 2012 936 2073 lamisem
951 2011 1055 2090 apisci.
1092 2013 1165 2074 Dice
1180 2031 1232 2093 epo
1249 2011 1303 2073 libi
1317 2013 1380 2074 iam
1394 2017 1453 2075 uti

704 2114 817 2175 scias.

289 2225 355 2278 iace
377 2217 418 2278 sis
441 2217 527 2278 medo
549 2216 637 2279 codd.
665 2235 786 2294 omnes;
814 2217 943 2299 adipisci
963 2219 986 2278 B
1008 2235 1025 2277 a
1048 2235 1089 2276 m.
1116 2233 1191 2294 sec.;
1219 2218 1315 2298 apisci
1328 2218 1402 2279 Pall.
1422 2228 1455 2280 ei

288 2320 369 2395 Par.;
396 2326 429 2380 ui
451 2319 539 2381 codd.
565 2338 682 2381 omnes.
701 2355 745 2365 -
759 2319 806 2380 uti
827 2337 882 2400 pro
904 2326 939 2379 ut
959 2318 1032 2380 inde
1055 2318 1181 2380 uidetur
1202 2317 1329 2382 duxisse
1351 2321 1453 2401 arigi-

288 2439 371 2500 nem,
405 2421 489 2501 quod
511 2441 573 2483 non
595 2422 712 2501 placuit
733 2442 785 2504 epo
809 2421 960 2502 producta
989 2421 1108 2499 syllaba
1138 2420 1231 2482 altera
1261 2425 1452 2501 pronunlia-

288 2510 365 2586 ium.
407 2524 468 2585 Sed
493 2544 564 2585 eum
587 2527 642 2586 uix
665 2524 774 2586 idonea
797 2543 889 2586 eausa
913 2525 962 2602 sii,
989 2543 1044 2585 eur
1066 2528 1118 2605 ipa
1141 2542 1319 2586 mensuram
1342 2526 1451 2588 Plaute

288 2625 520 2706 abiudicemus,
545 2627 604 2687 hoe
632 2645 726 2688 uersu
750 2627 900 2688 librorum
922 2627 1067 2688 memoria
1090 2645 1127 2688 eo
1149 2628 1263 2688 certius
1284 2628 1450 2691 retinenda

289 2738 347 2805 esi,
373 2728 467 2809 quod,
494 2731 613 2791 etiamsi
636 2733 689 2810 epu
711 2747 835 2808 semper
855 2728 956 2807 luerit,
984 2730 1014 2790 in
1037 2731 1094 2791 hac
1117 2748 1228 2791 uersus
1243 2740 1330 2811 parte
1347 2732 1452 2812 sylla-

288 2831 361 2892 bam
384 2831 513 2893 breuem
537 2833 661 2913 saepius
682 2833 784 2894 locum
807 2832 922 2893 habere
945 2831 1094 2894 uidimus.
1126 2832 1200 2893 Erat
1215 2833 1309 2912 igitur
1326 2835 1445 2913 potius:

287 2935 360 2996 Dice
389 2937 441 3015 cpe
471 2934 524 2996 tibi
550 2937 610 2995 iam
642 2934 676 2997 ici
706 2937 795 2998 scias.
833 2935 883 3019 (ad
906 2935 1028 2996 initium
1050 2953 1163 2998 uersus
1197 2937 1450 2999 constituendum

286 3071 329 3082 -
351 3037 382 3096 in
405 3036 493 3098 libris
515 3038 597 3098 euim
621 3048 681 3100 esi:
719 3041 794 3101 Tace
821 3040 862 3100 sis
890 3037 994 3099 modo:
1024 3039 1087 3100 siae
1109 3056 1155 3099 me
1183 3039 1329 3100 homiaem
1351 3041 1453 3120 apisci

285 3141 493 3219 —proponit
514 3140 679 3202 Muellerus
701 3141 802 3222 (l.l.):
833 3143 908 3202 Tace
922 3147 974 3202 sis.
1007 3142 1070 3201 siae
1084 3141 1170 3201 niodo
1186 3139 1331 3203 seminem
1351 3142 1452 3222 apisci

286 3259 342 3302 mc.
382 3237 455 3322 'Epo
477 3243 539 3303 iam
562 3243 616 3304 tibi
638 3243 702 3304 dico
718 3243 753 3306 cit
768 3246 867 3318 scias,·
891 3244 995 3304 malim
1011 3262 1077 3322 ego:
1109 3244 1183 3303 Tace
1199 3245 1250 3304 sis.
1284 3245 1348 3304 sinc
1363 3245 1449 3306 mado

286 3344 433 3407 lamisem
456 3347 589 3426 cpiscar.
632 3347 704 3406 Dico
727 3350 809 3423 etc).
836 3381 876 3390 —

373 3447 484 3511 Pseud.
511 3450 573 3511 286
596 3451 756 3528 proposuit
777 3448 969 3527 Ladewigius
998 3447 1063 3530 (pro
1085 3467 1120 3508 eo
1142 3447 1226 3528 quod
1248 3458 1296 3510 esi
1310 3450 1341 3509 in
1359 3451 1443 3512 BCD:

287 3550 367 3627 Quid
387 3553 418 3613 si
437 3571 496 3612 aaa
519 3550 633 3612 habui?
656 3552 692 3611 Si
713 3553 840 3614 amabas
862 3552 1014 3612 insanires
1037 3550 1153 3632 triuml:

417 3653 496 3729 Quid
517 3655 546 3716 si
565 3674 623 3715 aaa
646 3653 764 3715 habui?
786 3656 822 3715 Si
843 3653 969 3716 amabas
991 3653 1128 3714 inuenire
1151 3656 1236 3715 erat
1258 3657 1371 3715 tuem.

285 3755 341 3817 sed
363 3776 434 3819 cum
456 3758 526 3818 Pius
549 3758 610 3817 iam
632 3758 808 3818 coniecerit:
838 3757 989 3818 i'aueaires
1012 3762 1166 3833 mutuum,
1201 3765 1231 3816 et
1261 3757 1336 3817 haee
1358 3757 1449 3819 lectio

286 3859 458 3920 seeundum
481 3859 731 3921 Siudemundum
755 3861 846 3920 etiam
877 3861 908 3919 in
931 3857 1033 3919 codice
1056 3859 1204 3936 rescripto
1233 3867 1333 3935 exiet,
1367 3863 1450 3921 reii-

286 3961 425 4042 neudum
448 3971 496 4023 est
518 3961 602 4041 quod
623 3963 808 4024 Ritsahelius
831 3960 942 4022 edidit:

416 4064 497 4139 Quid
517 4067 545 4125 si
564 4084 623 4125 aaa
645 4063 761 4125 hebui?
784 4065 820 4124 Si
840 4064 984 4142 amabas.
1004 4065 1156 4124 iarccuires
1178 4061 1320 4124 mutirem.

373 4167 466 4228 such.
495 4167 555 4229 260
581 4185 649 4247 sqq.
677 4167 861 4228 Riischelius
883 4167 915 4227 in
939 4165 1072 4229 editione
1095 4168 1135 4227 ita
1160 4165 1332 4234 constituit:
