3116 5020
287 375 349 438 294
515 442 517 446 ,
720 377 873 438 Eumtmm
897 378 1021 436 emron.

290 549 330 606 Pl.
355 549 460 622 Amph.
489 555 549 608 360
579 551 610 620 ii,
643 556 668 620 t,
697 545 768 626 rot)
809 551 940 618 Videsis,
968 550 1352 621 quammorouapuiareuis
1372 541 1440 624 (ie.

620 660 623 666 '
908 647 1090 727 vapulabis),
1136 655 1193 710 niti
1229 659 1353 710 ootuwm
1388 650 1444 706 bino

908 753 980 810 abis.
1008 783 1046 796 -·

375 846 419 899 et:
952 881 956 889 -

291 943 388 999 dirim.
415 937 513 1018 (Ribb.
539 945 619 1000 Com.
649 960 679 1013 p.
706 947 776 1011 tos,
806 937 874 1019 tot)
901 943 982 998 Nono
1006 943 1084 1008 uide,
1112 943 1163 998 boe
1186 959 1244 1014 quo
1267 950 1351 1012 paeto
1367 930 1444 1022 e(9)o

707 1061 810 1102 aurum
833 1048 863 1104 in
884 1046 1003 1104 medium
1026 1047 1182 1116 proferam.

293 1162 483 1223 quamquem
506 1144 581 1208 alios
604 1142 826 1224 interpretandi
850 1141 955 1206 modos
977 1153 1083 1208 extare
1105 1143 1194 1206 fenile
1217 1143 1409 1222 perspicitur.

377 1245 409 1320 b)
428 1244 472 1322 td,
492 1245 533 1308 ed
548 1245 632 1326 quod
647 1246 736 1310 uide
755 1247 955 1324 impetutiuus
971 1247 1111 1327 pertinet,
1138 1245 1244 1309 uerbis
1258 1265 1340 1325 quae
1355 1263 1445 1326 proe-

290 1347 407 1412 oedunt
427 1359 604 1413 enarratum
626 1359 707 1411 erat:

291 1457 331 1510 Pi.
358 1456 447 1511 Stich.
476 1459 534 1514 ito
562 1456 620 1526 (111,
651 1462 678 1524 t,
707 1455 735 1529 9)
820 1456 918 1512 Videte
941 1473 1054 1527 quaeso,
1081 1456 1150 1530 quid
1174 1463 1269 1526 potest
1288 1457 1419 1530 pecunie.

296 1551 386 1634 (oeni.
412 1573 493 1636 quae
515 1552 554 1616 de
578 1573 609 1614 re
632 1553 866 1636 quadruplicata
890 1554 921 1616 in
944 1553 1092 1634 proximis
1116 1551 1198 1617 diota
1220 1552 1333 1634 erant).

294 1661 360 1721 Tor.
387 1661 502 1719 Phorm.
531 1665 590 1718 357
619 1660 664 1734 (11,
691 1668 721 1728 ³,
751 1655 799 1738 to)
828 1661 901 1730 Quia
923 1678 1003 1733 opens
1025 1663 1150 1718 relictost
1168 1662 1281 1728 misere,
1304 1663 1447 1733 ipnorotur

904 1781 1021 1838 parens,

819 1867 978 1938 Nopiept'tur
1004 1867 1088 1939 ipso:
1121 1866 1204 1933 uide,
1236 1868 1363 1921 auaritia
1385 1866 1448 1936 quid

910 1969 988 2024 iacit.

292 2070 430 2126 Caecilius
453 2071 558 2128 Statius
586 2065 680 2144 (Ribb.
708 2072 787 2126 Com.
822 2087 851 2140 p.
879 2076 929 2138 60,
957 2069 1028 2142 rto)
1062 2070 1149 2134 Vide,
1183 2070 1299 2134 benaa,
1335 2070 1450 2126 bominis

471 2223 473 2230 ,
909 2173 980 2246 quid
1003 2173 1056 2230 ieri
1070 2166 1089 2248 ¹)
1116 2189 1227 2231 morum
1248 2172 1394 2230 simitum.

292 2273 431 2330 Laberius
458 2272 552 2347 (Ribb.
579 2276 659 2332 Com.
685 2292 715 2345 p.
743 2279 815 2342 itt,
846 2268 915 2351 tot)
941 2276 1027 2343 Ecce,
1053 2276 1082 2332 in
1100 2283 1212 2333 wnecto
1226 2280 1258 2329 ut
1271 2274 1359 2348 suciis
1374 2272 1451 2338 iabu-
1536 2244 1537 2266 Χ

1115 2376 1182 2435 iecit
1206 2378 1267 2432 loeo

709 2480 765 2534 Viri
788 2478 948 2536 eaeoeiientis
971 2486 1060 2535 mente
1083 2480 1209 2535 elementi
1230 2479 1315 2542 edito,

705 2581 848 2642 Summiso
867 2581 982 2654 procide
1004 2580 1217 2654 ttondttoanns
1240 2583 1345 2638 oratio.
1535 2593 1536 2668 ,

380 2781 491 2844 Contra
512 2781 541 2842 in
566 2781 610 2840 eis
633 2781 932 2860 interrogationibus,
958 2782 989 2842 in
1013 2780 1131 2862 quibus
1147 2780 1189 2860 id,
1215 2779 1255 2846 ad
1277 2780 1365 2860 qnod
1387 2782 1451 2844 uide

293 2882 495 2960 imperatione
514 2885 666 2962 pertinet,
696 2885 741 2946 eis
763 2882 889 2948 demum
912 2883 1019 2949 uerbis
1041 2892 1214 2962 enarretur,
1248 2902 1331 2966 queo
1355 2884 1450 2952 inter-

294 2985 481 3064 rogationem
499 2994 655 3064 secuntur,
682 2987 913 3048 coniunctiuum
930 2987 1118 3052 inuenimus.
1159 2987 1333 3051 nocrimen
1349 2987 1447 3067 iffltur,
1534 2995 1535 3006 *

293 3085 377 3168 quod
400 3088 481 3150 inter
502 3088 578 3148 haec
600 3098 632 3148 et
653 3088 703 3150 iiia
726 3089 885 3154 enuntiate
901 3088 1072 3166 intercedit,
1097 3089 1162 3152 iere
1184 3087 1266 3152 idem
1289 3096 1341 3152 est
1363 3099 1451 3168 atque

294 3188 341 3268 id,
381 3187 465 3267 quod
496 3190 656 3252 intercedit
684 3192 765 3251 inter
792 3210 845 3252 ees
873 3192 1127 3271 interrogationes
1154 3210 1194 3250 er
1225 3189 1273 3250 dic
1298 3191 1451 3253 similibus

295 3293 488 3378 imperntiuis
523 3311 702 3378 suspensas,
743 3312 824 3376 quae
854 3312 926 3356 curn
955 3292 1121 3362 indicatiuo
1150 3279 1393 3376 coniunguntur,
1425 3303 1452 3354 et

294 3412 357 3472 eas,
376 3413 457 3474 quae
478 3414 549 3456 oum
565 3395 776 3459 ooniunotiuo:
802 3397 835 3456 in
851 3395 912 3457 illis
928 3397 1010 3466 enim
1032 3395 1199 3466 enuntiatis
1222 3395 1292 3462 uide
1316 3397 1452 3478 impere-

295 3499 396 3577 tiuus,
430 3507 535 3577 utpote
564 3499 617 3578 qui
646 3499 710 3560 solo
738 3497 922 3560 adhortandi
945 3517 1074 3566 munere
1096 3498 1253 3580 iungatur,
1279 3507 1345 3562 tem
1368 3501 1451 3581 parui
1533 3577 1534 3582 ἵ

295 3602 441 3662 momenti
471 3610 534 3679 est,
567 3609 603 3664 ut
630 3602 728 3668 omitti
757 3602 869 3686 possit:
903 3610 1007 3662 eontra
1030 3603 1062 3665 in
1085 3601 1132 3664 bis
1154 3601 1226 3666 uide
1248 3603 1451 3682 imperatiuus
1533 3629 1534 3638 ¹

294 3702 469 3766 cumidem
493 3702 749 3784 significetquod
773 3704 849 3768 audi
878 3704 927 3766 uel
957 3703 1013 3765 tibi
1038 3705 1152 3783 dicum,
1186 3713 1272 3766 tanta
1300 3714 1352 3770 est
1381 3724 1452 3768 sen-

294 3807 409 3867 tentiae
431 3808 580 3885 grauitate
603 3815 729 3885 temque
751 3807 944 3868 necessarius
974 3815 1034 3884 est,
1068 3815 1103 3869 ut
1133 3825 1194 3866 non
1224 3806 1327 3868 solum
1359 3809 1450 3868 omitti

294 3916 438 3987 nequeat,
457 3907 621 3970 sedetiam
636 3910 832 3971 enuntiatum
847 3907 1065 3970 secundarium
1081 3917 1179 3970 totum
1195 3908 1256 3971 sibi
1273 3910 1446 3991 subiunget:

364 4148 387 4209 t)
407 4150 456 4213 sert
473 4147 614 4220 editiones,
633 4146 698 4209 stret
714 4147 823 4202 oodioes
840 4148 963 4206 Noniani.
